5797 7330
1522 383 1741 451 CAP.
1801 381 1932 448 IV.

672 570 1030 640 ERASMI
1077 567 1753 638 TESTAMENTUM
1802 566 2508 637 HOLOGRAPHUM
2555 567 2746 637 CUM

1003 685 1390 755 NOTARII
1435 683 1801 753 PUBLIGI
1847 682 2416 752 TESTIMONIO.

651 868 927 945 Sequitur
991 867 1106 924 iam
1180 868 1407 924 Erasmi
1471 867 1796 924 testamenti
1860 867 2192 942 exemplum
2249 885 2322 922 ex
2379 865 2574 923 codice
2619 865 2936 922 Basileensi

486 949 560 1006 A.
613 951 686 1006 N.
741 950 830 1006 III
881 949 972 1020 15,
1025 949 1128 1024 qui
1177 947 1431 1006 continet
1479 947 1757 1024 epistulas
1801 947 1926 1023 ipsa
1973 947 2204 1004 Erasmi
2239 966 2417 1003 manu
2461 955 2724 1003 exaratas
2764 955 2822 1003 et
2861 946 2938 1002 ad

486 1031 554 1088 B.
605 1029 1063 1087 Amerbachium
1113 1030 1290 1097 datas,
1342 1027 1489 1086 lucis
1533 1048 1640 1105 ope
1689 1029 2048 1104 exscriptum
2075 1027 2170 1104 (1)
2211 1037 2269 1084 et
2295 1047 2470 1102 quam
2499 1026 2937 1103 diligentissime

483 1112 642 1190 typis
678 1111 1037 1168 mandatum.
1097 1110 1558 1167 'Testamentum
1587 1110 1796 1186 ipsum,
1828 1109 1985 1184 quod
2013 1109 2312 1166 invenitur
2341 1108 2402 1164 in
2429 1118 2692 1165 extremo
2721 1107 2935 1180 codice,

484 1193 766 1268 scriptum
837 1199 924 1248 est
993 1191 1054 1246 in
1119 1191 1318 1247 charta
1389 1209 1712 1267 papyracea
1780 1189 2005 1247 formae
2067 1189 2371 1245 maximae.
2458 1189 2737 1246 ERASMUS
2793 1189 2938 1244 duas

483 1273 706 1350 priores
771 1271 1010 1348 paginas
1076 1270 1190 1328 sibi
1250 1271 1514 1346 sumpsit,
1573 1271 1743 1327 tertia
1789 1270 2078 1346 scriptura
2125 1280 2309 1341 vacat,
2359 1280 2567 1344 quarta
2612 1270 2937 1345 completur

483 1352 810 1410 testimonio
874 1352 1087 1410 notarii
1130 1351 1353 1428 publici
1402 1353 1709 1408 Annum
1765 1350 2141 1421 811111οΑ011,
2198 1351 2366 1407 0111110
2413 1351 2646 1425 signum
2693 1349 2755 1406 in
2805 1369 2937 1406 cera

485 1434 776 1510 quondam
847 1451 1202 1509 expressum,
1259 1451 1417 1489 nunc
1472 1433 1848 1489 desideratur.
1935 1432 1991 1488 N
1993 1431 2162 1488 otarii
2208 1431 2622 1502 testimonium,
2672 1449 2746 1487 ne
2791 1430 2935 1506 quid

483 1514 720 1586 deesset,
783 1521 1128 1571 testamento
1197 1513 1552 1589 holograpbo
1611 1513 1822 1570 addere
1881 1512 2132 1583 decrevi,
2193 1512 2463 1586 quamvis
2510 1530 2628 1569 non
2677 1511 2935 1586 ignorem

481 1613 848 1670 nequaquam
898 1594 1098 1652 eodem
1147 1594 1273 1652 loco
1317 1613 1439 1650 esse
1485 1593 1837 1664 habendum,
1889 1613 2023 1650 cum
2063 1602 2472 1649 testamentum
2511 1611 2668 1648 nunc
2697 1593 2933 1649 demum

483 1677 598 1732 tale
644 1676 707 1731 in
751 1676 939 1732 lucem
984 1674 1225 1751 prodeat
1269 1675 1439 1751 quale
1486 1675 1562 1731 ab
1611 1675 1853 1730 Erasmo
1897 1673 2175 1749 scriptum
2223 1683 2308 1730 est
2346 1675 2367 1737 (
2377 1673 2462 1748 2).
2526 1673 2758 1729 Etenim
2786 1691 2935 1747 quae

483 1757 545 1812 in
593 1756 702 1814 Ed.
749 1757 819 1813 L.
871 1756 938 1814 B.
983 1763 1088 1812 aut
1134 1755 1278 1811 alibi
1326 1757 1424 1830 (ut
1469 1755 1532 1811 in
1581 1755 1764 1831 Epist.
1808 1753 1950 1810 fam.
1997 1753 2085 1810 ed.
2125 1754 2388 1825 Hsazoc,
2439 1753 2698 1810 Basileae
2748 1755 2934 1828 1779)

482 1837 855 1912 reperiuntur
899 1837 1182 1912 exempla,
1233 1836 1444 1893 vitiosa
1490 1845 1644 1908 sunt,
1696 1835 1854 1910 quod
1901 1834 2102 1891 multis
2145 1835 2390 1910 probare
2433 1834 2578 1891 mihi
2619 1834 2796 1890 huius
2823 1833 2934 1891 loci

483 1937 602 1974 11011
657 1917 906 1974 videtur.

648 1999 809 2055 Haec
858 1998 1122 2054 attulisse
1168 1997 1433 2054 sufficiat.
1519 1998 1702 2053 Abest
1750 1997 1813 2052 in
1865 1996 1976 2053 hoc
2011 1995 2278 2071 exemplo
2307 1995 2634 2052 testamenti
2662 1995 2933 2066 0101110110,

485 2098 602 2155 (1110
671 2079 733 2134 111
801 2079 1072 2135 0100111110
1137 2096 1282 2153 quas
1350 2077 1490 2134 novi
1548 2077 1902 2134 editionibus
1974 2075 2402 2132 nnomismata”
2463 2077 2538 2133 ab
2600 2075 2932 2150 ‘'insignia'’

483 2169 802 2236 separatur,
852 2159 1008 2215 unde
1056 2159 1319 2233 sequitur
1367 2170 1436 2215 ut
1479 2158 1757 2214 Erasmus
1797 2157 1912 2214 iam
1956 2157 2262 2214 cessaverit
2300 2165 2528 2232 praeter
2571 2157 2934 2228 nomismata,

485 2241 734 2315 insignia
796 2240 1004 2316 legare.
1088 2238 1292 2314 Neque
1351 2239 1467 2296 iam
1527 2238 1754 2295 heredis
1809 2239 2004 2295 locum
2053 2237 2165 2294 sibi
2207 2237 2527 2294 vindicabit
2576 2238 2937 2294 EvsaAssnus

486 2321 844 2390 Goctnmus,
888 2321 991 2395 qui
1039 2319 1186 2375 mihi
1233 2319 1574 2376 iamdudum
1619 2320 1804 2375 multa
1848 2319 2076 2394 negotia
2118 2318 2432 2390 facessivit,
2470 2319 2570 2375 sed
2601 2318 2935 2390 0011010110,

484 2402 630 2459 alter
679 2402 778 2458 ille
825 2402 1120 2472 ERAsims,
1170 2400 1233 2457 in
1277 2401 1568 2476 integrum
1618 2400 1924 2457 restitutus
1974 2399 2101 2457 erit.

1021 2573 1108 2630 IN
1152 2572 1472 2630 NOMINE
1518 2572 1860 2629 SANCTAE
1905 2571 2398 2629 TRINITATIS.

647 2726 985 2785 Desiderius
1055 2725 1335 2781 Erasmus
1397 2722 1835 2792 RoterodamuS,
1891 2722 2102 2779 Fretus
2167 2722 2602 2798 Diplomatibus
2658 2723 2936 2794 Caesaris,

485 2809 699 2866 summi
748 2806 1054 2882 pontificis,
1103 2825 1172 2862 ac
1222 2803 1458 2880 Magnifi
1467 2805 1518 2860 ci
1562 2804 1930 2878 magistratus
1974 2803 2225 2880 inclytae
2273 2803 2528 2860 ciuitatis
2583 2803 2935 2876 Basiliensis,

486 2889 594 2946 hoc
615 2907 744 2944 meo
765 2886 1146 2962 chirographo
1168 2903 1388 2943 renouo
1409 2903 1738 2960 supremam
1761 2884 2122 2940 voluntatem
2142 2903 2347 2955 meam,
2370 2903 2546 2959 quam
2571 2903 2938 2959 quocumque

483 2970 659 3026 titulo
694 2969 922 3024 firmam
949 2987 1018 3024 00
1045 2977 1230 3022 ratam
1258 2966 1459 3022 haberi
1487 2965 1640 3036 volo,
1671 2965 1902 3022 irritum
1931 2983 2072 3021 vero
2099 2965 2148 3022 si
2177 2965 2316 3039 quid
2347 2965 2489 3021 alias
2517 2973 2760 3022 testatus
2787 2983 2935 3021 sum.

649 3048 943 3124 Principio
992 3057 1184 3104 certus
1227 3065 1320 3103 me
1363 3046 1592 3102 nullum
1631 3045 1842 3102 habere
1879 3045 2235 3119 Legitimum
2277 3045 2600 3116 haeredem,
2640 3055 2938 3121 praestan-

483 3131 743 3188 tisimum
777 3131 972 3186 virum
999 3129 1075 3185 D.
1108 3127 1480 3185 Bonifacium
1509 3126 1983 3197 Amerbachium,
2013 3126 2274 3183 omnium
2300 3126 2650 3183 facultatum
2677 3145 2939 3182 mearum

484 3210 788 3269 haeredem
833 3209 1092 3278 institu0,
1123 3219 1512 3282 exequutores
1537 3225 1676 3264 vero
1708 3207 2133 3283 Hieronymum
2161 3207 2516 3263 Frobenium
2545 3217 2602 3262 et
2631 3206 2939 3263 Nicolaum

483 3292 879 3368 Episcopium.
930 3289 1356 3347 Bibliothecam
1405 3307 1590 3344 meam
1637 3287 1750 3344 iam
1795 3287 2020 3363 pridem
2061 3287 2298 3344 vendidi
2337 3287 2409 3344 D.
2442 3288 2480 3344 J
2485 3287 2658 3344 oanni
2686 3306 2721 3343 a
2749 3286 2939 3344 Lasko

486 3373 707 3430 Polono
774 3373 942 3428 iuxta
1010 3369 1397 3447 syngrapham
1465 3387 1638 3443 super
1700 3367 1808 3424 1100
1873 3377 2174 3424 0001100111
2237 3367 2391 3424 inter
2445 3386 2551 3424 nos
2597 3367 2936 3424 confectam.

483 3454 618 3511 Non
685 3453 988 3509 tradentur
1039 3451 1195 3521 libri,
1245 3449 1357 3506 nisi
1413 3448 1644 3505 haeredi
1691 3458 1957 3505 numeret
1998 3448 2276 3505 ducentos
2322 3449 2586 3505 florenos.
2673 3448 2844 3515 Quod
2889 3448 2940 3504 si

482 3534 582 3591 ille
653 3545 885 3610 pactum
953 3531 1256 3602 remiserit,
1323 3541 1426 3586 aut
1493 3548 1585 3586 me
1653 3529 1812 3604 prior
1871 3548 1902 3585 0
1970 3529 2091 3585 vita
2140 3530 2464 3600 excesserit,
2515 3529 2766 3585 liberum
2816 3538 2938 3585 esto

481 3615 716 3673 haeredi
760 3614 832 3671 de
879 3612 1047 3671 libris
1095 3620 1349 3669 statuere
1397 3609 1554 3686 quod
1591 3609 1732 3667 velit
1774 3610 1848 3667 D.
1891 3608 2189 3667 Lodouico
2218 3609 2388 3682 Bero,
2416 3611 2545 3685 lego
2574 3609 2938 3685 horologium

481 3715 744 3767 aureum,
823 3694 1007 3750 Beato
1095 3694 1334 3750 Renano
1424 3692 1732 3747 Cocbleare
1823 3709 2066 3747 aureum
2155 3708 2288 3747 cum
2371 3691 2666 3747 fuscinula
2739 3710 2935 3747 aurea.

483 3778 566 3834 M.
628 3777 803 3833 Petro
861 3774 1090 3831 Viterio
1157 3781 1394 3831 centum
1460 3771 1883 3847 quinquaginta
1937 3782 2238 3829 coronatos
2283 3789 2509 3842 0111000,
2562 3771 2935 3828 Tantundem

481 3857 754 3933 Philippo
825 3856 1124 3912 MontanO.
1208 3854 1522 3910 Lamberto
1586 3852 1834 3909 Famulo
1893 3852 1943 3908 si
1995 3852 2142 3908 mihi
2183 3852 2456 3909 morienti
2499 3851 2774 3922 adfuerit,
2821 3851 2933 3907 du-

482 3949 678 3995 centos
741 3937 989 3993 florenos
1059 3953 1282 4004 aureos,
1349 3932 1464 3989 nisi
1532 3951 1636 4008 ego
1701 3932 1877 3990 viuus
1937 3932 1992 3988 ei
2049 3932 2198 3989 hanc
2263 3950 2550 3989 summam
2605 3950 2933 3988 numeram.

482 4019 558 4077 D.
621 4018 659 4075 J
664 4017 841 4076 oanni
893 4016 1136 4091 Brisgoo
1185 4016 1448 4089 lagenam
1495 4021 1828 4088 argenteam
1873 4013 1946 4069 D.
1990 4013 2175 4069 Paulo
2217 4013 2425 4070 Volzio
2475 4012 2682 4069 floreos
2728 4031 2936 4069 aureos

482 4111 734 4157 centum.
825 4096 1196 4172 Sigismundo
1247 4094 1490 4151 Geleuio
1534 4094 1774 4151 ducatos
1817 4104 2051 4151 centum
2097 4103 2154 4150 et
2195 4093 2636 4169 quinquaginta.
2719 4092 2937 4149 «10011111

473 4180 746 4237 ‘Erasmio
805 4177 1096 4234 Frobenio
1140 4177 1286 4233 duos
1328 4174 1535 4232 anulos
1578 4193 1829 4250 quorum
1874 4175 2021 4231 alter
2065 4193 2182 4231 non
2225 4174 2401 4230 habet
2443 4192 2748 4249 gemmam,
2789 4174 2937 4230 alter

479 4280 766 4337 gemmam
815 4257 1172 4315 subviridem
1222 4257 1408 4314 Gallis
1453 4254 1666 4312 dictam
1713 4254 1978 4312 Turcois.
2066 4255 2424 4332 Hieronymo
2473 4254 2764 4311 Frobenio
2807 4254 2937 4328 lego

482 4360 682 4398 omnes
730 4348 917 4396 vestes
959 4358 1116 4396 meas
1159 4355 1506 4411 omnemque
1549 4336 1965 4411 supellectilem
2013 4336 2254 4410 laneam,
2313 4335 2523 4391 lineam
2579 4344 2634 4391 et
2686 4335 2937 4409 ligneam

481 4433 774 4499 praeterea
839 4419 1118 4495 poculum
1186 4418 1343 4493 quod
1413 4417 1589 4473 1101101
1643 4416 1890 4491 insignia
1939 4416 2260 4473 Cardinalis
2316 4415 2660 4489 Mogontini.
2745 4415 2939 4472 onri

483 4503 610 4559 eius
672 4501 956 4557 annulum
1023 4500 1126 4575 qui
1191 4499 1368 4556 habet
1430 4496 1740 4573 imaginem
1805 4496 2068 4554 mulieris
2135 4498 2196 4553 in
2263 4508 2488 4572 tergum
2559 4494 2933 4571 respicientis.

483 4583 725 4641 Nicolao
772 4580 1082 4657 Episcopio
1126 4580 1400 4655 poculum
1445 4597 1578 4635 cum
1621 4577 1894 4653 operculo
1935 4578 2091 4652 quod
2130 4578 2194 4635 111
2235 4577 2379 4653 pede
2419 4577 2594 4633 habet
2622 4576 2938 4633 versiculos

482 4664 816 4738 insculptos.
868 4662 906 4718 «1
913 4661 1139 4718 11011000
1159 4661 1330 4717 vxori
1353 4660 1480 4717 eius
1500 4658 1646 4715 duos
1666 4659 1872 4716 anulos
1894 4677 2143 4734 quorum
2163 4659 2310 4715 alter
2330 4658 2507 4715 habet
2527 4658 2934 4728 Adamantem,

481 4745 628 4803 alter
673 4742 920 4799 Turcois
964 4742 1245 4798 minorem
1291 4741 1376 4797 M.
1427 4740 1690 4796 Conrado
1737 4739 2014 4797 Goclenio
2057 4738 2333 4815 poculum
2391 4747 2728 4813 argenteum
2777 4738 2935 4812 quod

483 4826 544 4881 in
592 4843 820 4881 summo
869 4822 1045 4879 habet
1087 4822 1397 4897 imaginem
1444 4821 1732 4878 fortunae.
1821 4820 1883 4877 Si
1927 4820 2058 4895 quis
2106 4819 2512 4895 legatariorum
2558 4818 2933 4889 interciderit,

482 4905 638 4981 quod
683 4905 937 4979 legatum
987 4913 1112 4959 erat
1159 4903 1220 4958 in
1268 4901 1531 4958 haeredis
1578 4902 1820 4957 arbitrio
1867 4910 1988 4958 esto
2031 4902 2253 4957 Haeres
2296 4908 2523 4975 praeter
2551 4918 2620 4955 ea
2647 4916 2796 4974 quae
2823 4898 2935 4973 ipsi

481 5006 586 5063 per
636 4984 1038 5061 Syngrapham
1089 4983 1403 5058 designavi,
1454 4982 1566 5039 sibi
1607 4982 1852 5057 accipiet
1877 4981 2157 5057 quicquid
2185 4979 2543 5057 superfuerit
2570 4979 2933 5054 poculorum,

480 5076 586 5123 aut
649 5064 998 5122 annulorum
1063 5073 1170 5120 aut
1231 5082 1428 5120 rerum
1494 5063 1793 5134 similium,
1861 5062 2079 5119 adhaec
2145 5062 2490 5119 nomismata
2565 5060 2814 5135 insignia
2867 5068 2935 5115 vt

483 5148 766 5204 lusitanos
813 5145 1113 5215 cruciatos,
1161 5144 1334 5221 Regis
1377 5144 1653 5201 Poloniae
1688 5164 1756 5201 ac
1785 5142 2047 5201 Severini
2076 5142 2290 5199 Boneri
2315 5142 2524 5199 faciem
2553 5140 2935 5217 exprimentia

607 5293 676 5349 (1)
745 5254 974 5344 tis-alia,
1020 5290 1092 5335 sic
1127 5289 1220 5335 hoc
1256 5302 1452 5348 quoque
1481 5292 1738 5347 acceptum
1769 5293 1911 5347 grato
1939 5287 2106 5333 animo
2136 5286 2298 5333 refero
2330 5300 2376 5332 v.
2408 5285 2454 5331 d.
2492 5285 2548 5331 L.
2581 5284 2814 5341 SIEBEB,
2845 5283 2933 5343 qui

487 5350 832 5397 Bibliothecae
867 5347 1142 5396 Basileensi
1174 5354 1383 5407 praeest.

607 5411 676 5467 (2)
743 5410 1000 5464 Quantum
1046 5408 1286 5454 momenti
1333 5408 1452 5453 olim
1493 5421 1524 5453 a
1557 5405 2062 5453 Roterodamensibus
2092 5404 2208 5450 huic
2238 5408 2538 5451 testamento
2569 5403 2818 5449 tributum
2851 5402 2932 5458 sit,

484 5469 564 5515 vel
608 5484 670 5515 ex
701 5483 759 5514 eo
800 5472 941 5527 patet
971 5466 1104 5525 quod
1135 5467 1400 5525 epistulam
1432 5466 1480 5511 Ν
1485 5466 1642 5513 100100
1673 5464 2038 5511 (111-0νί00110110
2068 5463 2132 5509 ad
2161 5464 2484 5521 magistratus
2518 5462 2840 5516 Basileenses,
2873 5466 2935 5507 ut

483 5528 606 5574 certi
647 5526 922 5585 quidquam
952 5525 1014 5573 de
1047 5524 1248 5572 Erasmi
1278 5530 1577 5573 testamento
1608 5525 1942 5579 resciscerent,
1971 5522 2290 5569 deferendam
2324 5522 2584 5579 dederunt,
2615 5536 2764 5581 quam
2796 5520 2933 5579 typis

483 5585 822 5633 excutiendam
853 5586 1024 5632 curavi
1056 5586 1137 5631 in:
1172 5583 1524 5632 Geschiedenis
1555 5599 1651 5631 van
1683 5584 1768 5630 het
1801 5582 1885 5629 Er.
1917 5590 2106 5640 Gymn„
2138 5596 2186 5641 p.
2223 5585 2320 5628 114.

3049 383 3279 457 aliaque
3340 381 3434 438 his
3496 381 3727 438 similia.
3776 389 4075 456 praeterea
4122 380 4363 438 ducatos
4416 400 4615 439 omnes
4661 380 4925 458 duplices
4972 395 5029 438 et
5082 383 5511 460 quadruplices.

3051 462 3369 520 Pecuniam
3444 462 3601 538 apud
3688 461 4017 518 Conradum
4090 461 4435 518 Goclenium
4501 462 4836 538 depositam,
4905 461 4992 518 illi
5055 463 5119 520 in
5192 464 5516 522 Brabantia

3052 543 3493 620 dispensandam
3562 542 3869 618 relinquet,
3937 541 4425 617 quemadmodum
4494 543 4547 600 ei
4624 542 4913 600 mandavi.
5000 543 5063 600 Si
5130 544 5275 620 quid
5352 547 5514 622 apud

3050 625 3361 680 Erasmum
3429 623 3705 681 Schetum
3771 623 3882 678 erit
3946 622 4255 698 reliquum,
4322 623 4397 679 ab
4458 642 4525 680 eo
4573 633 4809 700 repetet.
4894 625 5155 700 Eamque
5200 628 5509 702 pecuniam

3050 724 3120 762 ac
3188 705 3473 779 reliquam
3538 722 3769 760 omnem
3839 722 3987 779 quae
4062 702 4437 779 superfuerit,
4508 723 4614 762 suo
4689 704 4933 760 arbitrio
4998 716 5056 761 et
5127 725 5197 762 ex
5270 708 5513 764 consilio

3052 795 3477 861 exequutorum
3547 784 3857 841 distribuet
3910 784 3973 840 in
4021 804 4161 841 vsus
4206 803 4548 860 pauperum,
4598 793 4784 860 aetate
4827 796 4931 841 aut
4971 786 5302 844 valetudine
5346 789 5511 844 infir-

3052 885 3299 922 morum.
3386 867 3533 922 Item
3580 866 3638 921 in
3687 865 3913 941 puellas
3958 875 4265 940 nupturas,
4318 865 4379 920 in
4420 866 4809 922 adolescentes
4850 866 5035 924 bonae
5064 868 5204 943 spei,
5234 869 5509 940 breviter,

3054 965 3431 1022 quoscunque
3488 945 3748 1002 subsidio
3799 945 4003 1020 dignos
4048 945 4379 1002 iudicarint.

3144 1089 3161 1106 ·
3222 1028 3385 1084 Hanc
3438 1037 3791 1083 extraemam
3839 1026 4205 1082 voluntatem
4252 1045 4459 1097 meam,
4510 1044 4627 1100 quo
4676 1026 4901 1101 plenior
4948 1027 5025 1083 sit
5072 1027 5233 1099 fides,
5278 1031 5505 1105 propria

3053 1126 3234 1164 manu
3298 1106 3590 1182 descripsi,
3660 1126 3729 1163 ac
3804 1105 4095 1183 peculiare
4162 1106 4327 1162 anuli
4396 1106 4509 1162 mei
4585 1106 4841 1181 sigillum
4915 1108 5259 1165 Terminum
5346 1111 5507 1167 affixi

3055 1187 3315 1244 Basileae
3363 1188 3423 1244 in
3477 1187 3719 1244 aedibus
3766 1187 4115 1264 Hieronymi
4164 1187 4438 1244 Frobenii
4484 1187 4825 1244 duodecimo
4874 1188 4967 1244 die
5004 1188 5313 1247 Februarii
5354 1211 5509 1248 anno

3051 1288 3088 1325 a
3138 1268 3321 1325 natali
3368 1267 3657 1325 dominico
3705 1267 4017 1325 Millesimo
4062 1267 4523 1343 quingentesimo
4569 1266 4859 1325 tricesimo
4906 1278 5086 1327 sextO.
5129 1332 5139 1340 ,

3214 1543 3393 1597 Anno
3460 1561 3497 1598 a
3564 1539 3793 1598 Christo
3857 1541 4013 1598 Nato
4068 1541 4379 1598 Millesimo
4428 1540 4909 1616 quingentesimO,
4972 1542 5263 1616 trigesimo
5320 1555 5513 1615 sexto,

3051 1620 3373 1678 Indictione
3422 1641 3590 1693 nona,
3638 1623 3749 1678 Die
3798 1622 4020 1679 decima
4068 1632 4277 1698 quarta
4325 1621 4629 1693 februarii,
4679 1621 4824 1678 hora
4872 1623 5037 1697 quasi
5084 1624 5262 1680 tercia
5312 1643 5509 1700 pome-

3051 1701 3293 1774 ridiana,
3363 1703 3433 1758 In
3480 1703 3720 1760 aedibus
3765 1703 3994 1760 honesti
4037 1712 4096 1760 et
4142 1703 4546 1778 circumspecti
4595 1702 4814 1759 domini
4862 1703 4901 1760 «1
4906 1704 5169 1781 eronymi
5230 1705 5507 1762 Frobenii

3053 1782 3432 1859 Typographi
3492 1793 3549 1840 et
3616 1783 3763 1841 ciuis
3818 1783 4153 1842 Basiliensis
4208 1784 4386 1860 inque
4430 1783 4718 1859 superiori
4764 1783 4903 1840 aula
4950 1784 5207 1842 eiusdem
5256 1785 5495 1856 domus;

3052 1863 3417 1920 Constitutus
3468 1882 3661 1921 coram
3706 1883 3797 1920 me
3841 1864 3897 1920 N
3900 1865 4083 1922 ota-rio
4132 1865 4371 1941 publico
4414 1875 4473 1922 et
4516 1862 4821 1938 fidedignis
4875 1865 5121 1922 testibus
5164 1867 5507 1943 subscriptis

3050 1943 3402 2001 clarissimus
3448 1954 3507 2002 et
3548 1945 3810 2001 omnium
3857 1945 4287 2003 eruditissimus
4326 1946 4436 2017 vir,
4488 1944 4777 2002 Dominus
4834 1945 5170 2003 Desiderius
5226 1946 5507 2004 Erasmus

3052 2025 3487 2097 Roterodamus,
3538 2037 3605 2082 ut
3646 2025 3731 2103 (2)
3782 2045 4021 2102 corpore
4066 2045 4185 2084 non
4232 2026 4548 2083 admodum
4594 2025 4782 2096 firm0,
4826 2045 5003 2084 sanus
5056 2037 5247 2083 10111011
5291 2036 5503 2098 mente,

3049 2104 3200 2161 hanc
3248 2105 3505 2162 chartam
3556 2107 3809 2163 clausam
3863 2107 3926 2162 in
3972 2126 4153 2164 manu
4199 2107 4435 2176 habens,
4482 2106 4543 2162 111
4591 2125 4709 2181 qua
4755 2106 4985 2163 dicebat
5027 2107 5291 2164 vltimam
5338 2127 5507 2164 suam

3052 2186 3413 2242 voluntatem
3460 2206 3568 2244 sua
3611 2206 3790 2244 manu
3838 2188 4225 2263 conscriptam
4274 2186 4573 2258 contineri,
4624 2206 4800 2262 quam
4844 2188 4981 2244 Iure
5024 2189 5373 2259 testamenti,
5408 2189 5509 2244 vel

3053 2265 3482 2339 Codicillorum,
3522 2267 3856 2325 donacionis
3895 2287 4068 2325 causa
4096 2268 4314 2339 mortis,
4345 2269 4439 2325 vel
4468 2268 4867 2342 cuiuscunque
4894 2268 5133 2326 alterius
5164 2269 5503 2340 voluntatis,

3051 2349 3210 2404 omni
3256 2347 3484 2404 meliori
3532 2348 3645 2420 via,
3695 2349 3885 2419 mod0,
3936 2359 3993 2404 et
4042 2349 4247 2420 forma,
4293 2367 4409 2424 quo
4451 2349 4739 2405 efficacius
4785 2361 4995 2424 posset,
5028 2350 5221 2406 valere
5248 2349 5506 2422 volebat,

3052 2426 3322 2484 heredem
3384 2429 3691 2485 nominans
3754 2438 3813 2486 et
3878 2429 4185 2486 instituens
4251 2428 4702 2486 ornatissimum
4767 2428 5070 2485 dominum
5127 2430 5501 2486 Bonifacium

3053 2507 3509 2566 Amerbachium
3551 2511 3745 2585 legum
3782 2509 4091 2579 doctorem,
4128 2510 4487 2566 Executores
4528 2528 4665 2565 vero
4710 2509 4989 2584 Egregios
5017 2511 5175 2567 viros
5202 2511 5506 2568 dominum

3052 2589 3092 2646 J
3096 2607 3439 2666 eronymum
3480 2590 3855 2661 Frobenium,
3899 2599 3955 2646 et
3994 2590 4304 2647 Nicolaum
4354 2591 4727 2666 Episcopium
4780 2590 5199 2667 Typographos
5242 2600 5299 2648 et
5347 2593 5507 2649 cives

3054 2669 3397 2726 Basilienses
3444 2671 3549 2745 qui
3588 2689 3787 2728 omnes
3828 2679 4138 2746 presentes,
4186 2689 4426 2727 munera
4468 2671 4745 2736 iniuncta,
4798 2672 5077 2728 benevole
5120 2681 5507 2747 acceptantes,

3053 2769 3174 2806 sese
3230 2771 3297 2807 ea
3348 2751 3543 2808 omnia
3590 2760 3647 2808 et
3692 2751 3937 2824 singula,
3987 2752 4047 2807 in
4090 2753 4340 2827 presenti
4386 2751 4587 2808 charta
4634 2761 4901 2808 contenta
4948 2753 5103 2808 bona
5148 2751 5263 2808 fide
5305 2753 5505 2809 obser-

3053 2840 3295 2888 vaturos
3342 2842 3398 2887 et
3444 2843 3859 2907 exequuturos,
3906 2843 4101 2888 sancte
4140 2833 4572 2907 promittebant.
4620 2831 4652 2908 ss
4724 2832 4800 2888 Et
4826 2851 4961 2889 cum
4990 2834 5051 2890 in
5082 2833 5507 2908 praedictorum

3053 2911 3247 2984 fidem,
3304 2915 3491 2969 meam
3549 2922 3844 2988 tamquam
3899 2913 4121 2988 publici
4170 2913 4225 2968 N
4230 2913 4403 2970 otarii
4448 2912 4873 2970 attestationem
4919 2923 4977 2971 et
5025 2913 5507 2989 subscriptionem

3053 2992 3393 3067 requireret,
3449 2993 3684 3050 veritati
3738 2993 4131 3050 testimonium
4180 2993 4580 3068 perhibiturus
4634 2993 4949 3070 subscripsi
4996 2995 5151 3050 Acta
5186 3003 5325 3050 sunt
5368 2993 5511 3050 haec

3054 3075 3229 3130 Anno
3287 3073 3525 3130 Domini
3574 3074 3913 3145 Indictione,
3964 3073 4074 3145 die,
4125 3074 4285 3146 hora,
4338 3075 4479 3146 1000,
4526 3083 4582 3130 01
4626 3074 4757 3130 01110
4792 3074 5162 3151 praescriptis
5210 3075 5510 3148 Regnante

3052 3153 3437 3211 inuictissimo
3489 3155 3693 3211 Carolo
3742 3153 3947 3229 quinto
3995 3156 4387 3211 Romanorum
4433 3157 4785 3231 Imperatore
4830 3174 5055 3230 semper
5096 3157 5368 3229 Augusto
5398 3163 5509 3212 etc.

3053 3235 3229 3290 Anno
3286 3235 3521 3310 Imperii
3569 3235 3873 3306 sedecim0,
3923 3235 4335 3293 Praesentibus
4384 3235 4635 3292 Eximiis
4676 3245 4734 3291 et
4782 3236 5027 3292 eruditis
5075 3236 5232 3306 viris,
5276 3235 5511 3291 domino

3054 3315 3095 3371 J
3098 3333 3375 3392 eronymo
3416 3316 3725 3388 FrobeniO,
3768 3316 3825 3372 N
3828 3316 4009 3372 icolao
4048 3317 4371 3392 Episcopi0‚
4418 3315 4789 3391 Sigismundo
4818 3315 5079 3388 Geleni0,
5108 3327 5165 3372 et
5194 3317 5507 3372 Lamberto

3056 3395 3402 3468 CoomannO,
3448 3397 3697 3454 testibus
3736 3397 3809 3453 ad
3853 3397 4165 3472 praemissa
4214 3397 4535 3472 specialiter
4582 3396 4803 3453 vocatis
4850 3407 4909 3453 et
4951 3396 5183 3471 rogatis.

3216 3476 3547 3534 Adelberus
3621 3477 4036 3534 Salandronius
4110 3479 4289 3551 vulgo
4380 3477 4710 3533 Saltzmann
4784 3477 4963 3534 sacris
5040 3477 5375 3552 Apostolica
5454 3486 5512 3531 et

3054 3556 3349 3632 Imperiali
3390 3558 3837 3615 auctoritatibus
3882 3558 4161 3615 Notarius
4202 3559 4452 3615 «Iuratus
4492 3558 4633 3614 haec
4679 3556 4928 3629 audivit,
4978 3567 5037 3614 et
5084 3569 5287 3632 suapte
5328 3575 5512 3613 manu

3054 3638 3414 3714 subscripsit.

3219 3886 3251 3964 ‡
3334 3888 3637 3945 Praeterea
3690 3888 3921 3945 tametsi
3970 3888 4125 3945 Iuris
4180 3889 4503 3946 communis
4551 3888 4644 3959 sit,
4697 3898 4760 3943 vt
4808 3887 5125 3962 posteriore
5169 3896 5511 3944 testamento

3054 3967 3315 4045 perfecto
3370 3968 3565 4043 priora
3613 3968 3909 4040 tollantur,
3957 3978 4149 4025 tamen
4198 3969 4247 4025 si
4295 3978 4353 4025 et
4408 3969 4469 4025 in
4519 3977 4802 4044 quantum
4832 3987 4977 4043 opus
5006 3978 5094 4023 est
5120 3968 5509 4037 revocatione,

3056 4049 3118 4106 Si
3175 4067 3323 4124 quae
3370 4058 3503 4105 ante
3551 4068 3587 4105 a
3634 4069 3693 4106 se
3741 4050 4263 4125 quomodocunque
4316 4050 4411 4106 vel
4467 4049 4933 4124 quandocunque
4978 4048 5299 4123 conscripta
5349 4058 5506 4118 sunt,

3053 4130 3269 4205 vigore,
3332 4149 3447 4185 non
3518 4130 3705 4187 solum
3776 4130 3929 4205 juris
4000 4131 4341 4201 communie,
4418 4130 4517 4186 sed
4573 4142 4631 4186 et
4686 4130 5066 4205 diplomatum
5120 4149 5155 4185 a
5204 4128 5505 4199 Pontifice,

3055 4210 3313 4282 Caesare,
3378 4230 3447 4266 ac
3516 4210 3861 4285 Magistratu
3934 4210 4235 4267 Basiliensi
4302 4229 4719 4281 concessorum,
4792 4212 4875 4267 sic
4930 4208 5123 4265 omnia
5178 4220 5233 4265 et
5278 4209 5509 4285 singula

3054 4301 3123 4347 vt
3170 4290 3279 4347 hac
3334 4290 3543 4347 scheda
3588 4292 3974 4363 continentur,
4024 4292 4119 4348 vel
4166 4300 4446 4348 renouata
4495 4292 4587 4347 vel
4636 4300 4861 4348 mutata
4907 4290 5126 4361 volens,
5173 4300 5231 4345 et
5276 4290 5325 4345 si
5356 4308 5507 4364 quae

3052 4371 3221 4429 aliter
3264 4371 3673 4442 constituisset,
3721 4372 4012 4447 conceptis
4055 4372 4251 4429 verbis
4292 4391 4586 4428 revocans.

3217 4452 3287 4507 In
3362 4451 3471 4507 hac
3552 4452 3777 4523 scheda,
3861 4472 3967 4509 sua
4042 4471 4221 4509 manu
4282 4453 4495 4527 scripta
4570 4460 4628 4507 et
4683 4451 4879 4529 sigillo·
4930 4450 5283 4525 subsignata,
5336 4468 5505 4505 suam

3051 4532 3315 4589 vltimam
3365 4532 3723 4589 voluntatem
3780 4533 4063 4590 contineri
4118 4532 4330 4603 dicens,
4382 4552 4559 4608 quam
4604 4532 4665 4588 in
4714 4532 4835 4587 vim
4890 4531 5128 4587 vltimae
5180 4529 5507 4586 voluntatis

3053 4613 3493 4689 qualiscumque
3536 4623 3639 4669 aut
3682 4614 3732 4670 01
3776 4613 3859 4670 010
3902 4612 4211 4670 subsistere
4256 4633 4373 4670 non
4419 4622 4628 4689 posset,
4675 4612 4736 4668 in
4786 4613 4907 4667 vim
4956 4610 5281 4668 donationis
5326 4610 5502 4667 etiam

3052 4694 3203 4750 inter
3252 4694 3423 4751 viuos
3468 4693 3759 4751 mediante
3805 4694 4193 4750 insinuatione
4238 4701 4295 4750 et
4344 4693 4652 4750 traditione
4698 4692 4909 4764 factae,
4936 4691 5417 4766 qualitercunque
5445 4700 5503 4748 et

3053 4774 3591 4850 quomodocunque,
3656 4774 3813 4830 omni
3876 4773 4101 4832 meliori
4163 4774 4333 4831 modo
4388 4775 4485 4831 via
4531 4774 4721 4830 forma
4762 4783 4890 4844 010,
4934 4782 5003 4829 111
5046 4791 5239 4847 supra,
5286 4771 5496 4843 valere,

3053 4865 3111 4913 et
3166 4854 3584 4912 inviolabiliter
3630 4854 3927 4912 observari
3976 4854 4130 4926 vult,
4182 4855 4428 4913 testibus
4477 4869 4545 4911 ut
4588 4874 4764 4930 supra
4812 4852 5229 4929 praesentibus.

4512 4958 4587 5015 A.
4639 4958 4988 5030 Saltzmann,
5040 4955 5333 5013 Notarius.

3215 5236 3351 5295 Hac
3424 5239 3668 5313 plagula
3734 5241 3954 5313 prelum
4028 5248 4313 5295 exercente
4386 5236 4693 5311 Gymnasii
4764 5238 5116 5294 Erasmiani
5195 5234 5506 5295 Curatores

3051 5318 3253 5393 effiyies
3310 5319 3551 5392 privata
3618 5320 3869 5394 impensa
3933 5320 4001 5375 de
4062 5320 4393 5375 Basileensi
4447 5320 4549 5373 illo
4599 5320 4843 5393 eaeemplo
4890 5316 5500 5392 photolitleoqraphice‚

3048 5410 3112 5456 ut
3162 5400 3378 5469 dicunt,
3429 5418 3725 5473 expressas
3773 5401 3855 5457 ad
3901 5401 4229 5475 opusculum
4280 5399 4526 5473 adiunqi
4572 5400 4872 5455 iusserunt.

3210 5480 3334 5536 Pro
3410 5499 3527 5554 qua
3598 5480 3984 5555 munificentia
4052 5480 4196 5537 viris
4272 5480 4643 5555 amplissimis
4710 5482 4938 5537 memori
5009 5487 5185 5536 mente
5242 5478 5501 5552 qratiam

3050 5560 3296 5617 debitam
3342 5563 3542 5635 reseret.
