5797 7330
1633 505 3981 626 ERASM1ANA.

2634 775 2959 827 SCRIPSIT

2363 981 2467 1060 J.
2569 968 2735 1061 B(
2795 980 3263 1080 KAN,

2527 1108 2677 1166 Gymn.
2717 1107 2883 1154 traam.
2923 1107 3095 1152 nector.

1999 1371 2577 1378 —--.--—-——-——-.—
2596 1371 2627 1376 —
2646 1371 2726 1376 --

459 1619 760 1676 Edebatur
813 1615 1008 1672 adhuc
1063 1612 1350 1672 cottannis
1393 1619 1620 1687 praeter
1664 1608 2028 1679 Lectionum,
2064 1626 2212 1683 quae
2241 1607 2474 1679 dicitur,
2507 1605 2744 1678 Seriem,

301 1701 496 1760 brevis
554 1698 964 1772 succinctaque
1029 1694 1332 1764 librorum,
1391 1691 1609 1768 quibus
1653 1688 1957 1766 Gymnasii
2012 1687 2341 1746 Erasmiani
2381 1688 2641 1745 doctores
2685 1687 2746 1742 in

297 1782 509 1841 scholis
547 1777 832 1836 habendis
879 1775 1046 1833 usuri
1093 1783 1278 1846 erant,
1326 1771 1550 1829 notitia.
1629 1770 1804 1828 Haud
1851 1770 1928 1826 ab
1969 1787 2034 1826 re
2078 1783 2270 1826 tamen
2319 1787 2440 1826 esse
2482 1768 2647 1839 duxi,
2697 1767 2748 1824 si

297 1884 404 1920 nos
453 1863 719 1936 exempla
765 1859 841 1916 ab
888 1856 1020 1913 aliis
1067 1855 1222 1913 intra
1267 1852 1488 1929 patriae
1537 1851 1682 1908 fines
1725 1861 1782 1908 et
1825 1859 1990 1908 extra
2017 1849 2188 1907 nobis
2217 1850 2507 1926 proposita
2533 1847 2747 1905 imitati

297 1964 435 2015 non,
489 1940 674 2000 invita
731 1938 1002 1995 Minerva
1065 1932 1569 1994 commentariolos
1636 1931 2068 2007 qualescunque
2135 1930 2502 1988 corradentes
2550 1948 2746 2005 pecca-

295 2043 510 2095 remus,
573 2021 672 2079 sed
727 2019 869 2095 quid
927 2027 1158 2074 nostrae
1204 2016 1359 2072 vires
1413 2014 1476 2071 in
1531 2013 1700 2070 bonis
1753 2011 1964 2068 litteris
2011 2010 2418 2087 promovendis
2465 2010 2742 2080 valerent,

299 2104 775 2182 periclitaremur.
859 2099 1018 2170 Fuit,
1089 2097 1208 2154 fuit
1275 2113 1412 2153 sane
1478 2103 1636 2151 aetas
1699 2092 2066 2168 plagosorum
2137 2091 2501 2149 Orbiliorum
2560 2108 2750 2165 neque

299 2184 590 2262 magistris
655 2180 849 2238 ferula
917 2179 1292 2236 interdictum
1360 2194 1480 2232 esse
1549 2173 1836 2244 dolemus;
1923 2173 2102 2230 immo
2185 2171 2524 2248 quicunque
2599 2171 2749 2227 inter

299 2267 542 2325 cirratos
608 2281 709 2320 ore
767 2259 963 2318 tonuit
1025 2259 1231 2316 choros
1283 2256 1412 2313 ludi
1458 2255 1784 2312 maculatus
1831 2253 2095 2330 pulvere,
2145 2253 2397 2310 sentiens
2440 2272 2557 2309 non
2607 2250 2753 2308 levis

299 2365 422 2405 8888
490 2361 697 2420 operae
766 2340 1055 2398 moderari
1110 2340 1476 2396 inventutem
1526 2335 1643 2412 (l),
1691 2334 1953 2391 animum
1997 2344 2065 2390 ut
2111 2344 2359 2410 reparet,
2406 2333 2481 2389 ad
2534 2331 2751 2388 artium

299 2439 358 2485 et
427 2424 865 2500 disciplinarum
935 2420 1130 2478 studia
1183 2418 1442 2476 conferet
1489 2433 1804 2491 eorumque
1851 2415 2082 2471 fructus
2124 2414 2187 2472 in
2235 2415 2426 2471 lucem
2469 2412 2750 2490 prodendi

301 2507 551 2566 subinde
619 2501 1112 2580 opportunitatem
1181 2500 1294 2556 sibi
1360 2497 1628 2575 praeberi
1695 2495 1989 2571 gaudebit.
2091 2495 2271 2552 Sosiis
2326 2494 2480 2551 enim
2538 2493 2750 2552 nostris

299 2587 436 2644 libri
479 2605 576 2644 aes
622 2604 738 2642 non
779 2592 1020 2654 merent,
1065 2581 1167 2657 qui
1213 2598 1401 2655 neque
1451 2579 1511 2634 in
1555 2576 1845 2634 studiosae
1878 2576 2201 2633 iuventutis
2227 2593 2418 2651 neque
2444 2575 2504 2631 in
2532 2573 2752 2631 fabulis

301 2667 546 2726 Milesiis
609 2663 960 2722 inhiantium
1028 2681 1202 2718 usum
1265 2659 1466 2735 scripti
1534 2668 1688 2714 sunt.
1773 2656 2070 2733 Quicquid
2135 2666 2239 2729 est,
2305 2657 2632 2714 referentur
2687 2655 2749 2710 in

299 2747 781 2807 commentarium
850 2762 1001 2819 quae
1066 2762 1103 2799 a
1172 2741 1508 2798 doctoribus
1575 2737 1880 2816 Gymnasii
1952 2737 2278 2794 Erasmiani
2325 2736 2532 2794 collata
2579 2745 2750 2792 erunt

298 2840 474 2906 atque
542 2837 612 2884 ut
665 2847 700 2883 a
756 2827 908 2882 Jove
963 2834 1180 2894 nostr0,
1229 2823 1540 2878 Erasmum
1589 2831 1752 2896 puto,
1798 2818 2152 2894 principium
2195 2831 2359 2889 esset,
2413 2817 2751 2874 Erasmiana

309 2909 598 2987 quaedam
644 2906 867 2981 collegi.

463 2990 597 3058 Quo
664 2986 903 3045 consilio
964 2984 1108 3042 haec
1169 3003 1242 3040 ex
1311 2980 1538 3040 scriniis
1605 2978 2075 3056 deprompserim,
2145 2991 2204 3036 te
2275 2978 2344 3036 L.
2411 2978 2479 3035 B.
2553 2977 2752 3054 paucis

303 3070 593 3128 monitum
645 3068 838 3126 velim.

466 3228 737 3305 Amplius
783 3236 902 3285 tres
961 3237 1098 3284 sunt
1140 3225 1296 3295 anni,
1353 3243 1426 3280 ex
1475 3241 1593 3298 quo
1641 3220 1982 3278 Erasmiana
2029 3239 2157 3278 mea
2207 3218 2399 3296 priora
2447 3220 2510 3276 in
2566 3218 2751 3276 Novis

303 3312 545 3369 Diurnis
589 3307 1178 3367 Roterodamensibus
1227 3306 1322 3380 (2)
1365 3305 1428 3360 in
1469 3304 1659 3360 lucem
1701 3301 2056 3378 prodierunt.
2129 3301 2288 3358 Haec
2331 3299 2752 3375 scriptiuncula

301 3391 646 3450 Germanice
692 3391 782 3464 (3)
849 3399 906 3446 et
971 3385 1449 3444 Franco-Gallice
1498 3385 1596 3460 (4)
1666 3401 1862 3455 versa,
1897 3383 1973 3439 ab
2021 3381 2356 3439 hominibus
2399 3379 2750 3456 quibusdam

301 3474 486 3530 doctis
547 3471 776 3528 Erasmi
835 3488 1008 3544 opera
1071 3486 1298 3525 summo
1347 3465 1540 3523 studio
1587 3464 1909 3522 colentibus
1957 3463 2198 3538 eiusque
2248 3462 2430 3518 vitam
2478 3479 2743 3537 perscru-

297 3554 561 3611 tantibus
607 3551 765 3608 haud
819 3551 1058 3624 indigna
1111 3549 1236 3604 visa
1282 3559 1368 3604 est
1412 3547 1488 3603 ad
1537 3564 1714 3620 quam
1755 3544 2017 3600 animum
2057 3544 2443 3613 adverterent,
2492 3560 2744 3617 quorum

298 3636 362 3692 in
400 3652 644 3692 numero
681 3633 800 3690 fuit
842 3649 1094 3709 quoque,
1135 3628 1239 3705 qui
1272 3626 1550 3704 Lugduni
1583 3626 1939 3682 Batavorum
1967 3624 2186 3701 patriae
2215 3623 2515 3681 historiam
2545 3621 2743 3695 tradit,

303 3717 372 3773 R.
425 3716 484 3773 J.
531 3715 728 3771 Fsum
769 3713 886 3789 (5).
973 3711 1172 3786 Longe
1213 3720 1408 3766 tamen
1448 3706 1602 3765 afuit
1643 3716 1710 3762 ut
1738 3705 1896 3763 hunc
1925 3724 2110 3762 unum
2138 3706 2195 3762 in
2227 3704 2424 3780 paucis
2451 3704 2746 3779 egregium

299 3814 497 3853 rerum
559 3804 888 3851 nostrarum
951 3791 1350 3866 indagatorem
1411 3787 1887 3863 adstipulatorem
1952 3786 2224 3842 haberem
2289 3786 2352 3842 in
2415 3784 2488 3841 iis
2549 3785 2744 3855 rebus,

303 3895 552 3953 quarum
628 3874 956 3951 opinionem
1023 3872 1354 3929 attuleram.
1439 3868 1738 3925 Adversus
1815 3886 1906 3923 me
1973 3865 2191 3941 paucis,
2246 3876 2314 3923 ut
2361 3885 2466 3941 par
2513 3874 2637 3921 erat
2683 3863 2746 3921 in

301 3956 562 4027 Diurnis,
604 3955 946 4013 sententiam
985 3953 1369 4010 declarantem
1411 3958 1531 4006 tam
1575 3948 1778 4006 sedulo
1821 3966 2054 4005 causam
2091 3946 2226 4022 egit,
2265 3956 2334 4003 ut
2372 3946 2422 4003 si
2463 3965 2596 4003 cum
2624 3953 2746 4001 tam

300 4039 446 4095 bene
511 4046 734 4093 armato
801 4034 1132 4092 adversario
1187 4044 1476 4090 certamen
1531 4029 1890 4087 committere
1944 4028 2172 4100 vellem,
2221 4046 2375 4085 nova
2421 4046 2584 4083 arma
2631 4026 2745 4084 cir-

302 4126 696 4193 cumspectare
762 4130 938 4191 atque
986 4114 1325 4189 conquirere
1371 4130 1598 4169 necesse
1647 4118 1811 4168 esset.
1901 4108 2012 4165 Sed
2057 4108 2118 4164 id
2173 4118 2260 4165 est
2307 4108 2416 4165 hac
2463 4125 2747 4163 novarum

301 4198 496 4273 legum
540 4198 1018 4272 decretorumque
1048 4195 1338 4270 regiorum
1380 4200 1568 4249 aetate
1594 4192 1834 4248 rectoris
1861 4208 2091 4261 munus,
2122 4200 2192 4245 ut
2217 4189 2269 4245 ei
2299 4188 2468 4245 modo
2494 4188 2571 4244 ad
2597 4187 2748 4263 regis

301 4280 654 4351 ministrum,
675 4278 751 4334 ad
773 4278 992 4335 civium
1014 4275 1359 4350 magistrum
1373 4272 1952 4349 nomophylacesque,
1971 4280 2338 4327 curatoresve
2353 4268 2745 4339 referendum,

303 4360 474 4417 modo
541 4360 604 4417 in
667 4359 846 4415 rebus
915 4356 1274 4415 scholasticis
1342 4353 1691 4411 versandum
1764 4352 1856 4409 sit.
1951 4352 2335 4408 Accesserunt
2393 4349 2748 4407 calamitates

306 4440 667 4497 domesticae.
752 4439 954 4515 Lugeo
1002 4437 1158 4494 enim
1206 4436 1298 4493 his
1341 4434 1531 4492 tribus
1577 4432 1745 4490 annis
1782 4431 1926 4489 duas
1963 4432 2130 4503 filias,
2173 4450 2302 4487 mea
2337 4431 2544 4487 decora
2570 4440 2748 4505 atque

305 4530 658 4592 ornamenta,
707 4520 1021 4577 immatura
1073 4526 1258 4573 morte
1295 4515 1609 4590 ademptas,
1664 4532 1915 4589 quarum
1961 4522 2208 4588 utraque
2247 4531 2364 4569 non
2406 4510 2520 4567 nisi
2561 4520 2748 4567 morte

305 4620 480 4659 causa
529 4600 651 4657 fuit
698 4599 930 4657 doloris.

465 4682 670 4756 Neque
713 4690 906 4737 tamen
950 4698 1074 4735 rem
1117 4677 1346 4733 missam
1395 4676 1525 4733 feci.
1613 4674 1805 4731 Multa
1851 4672 2180 4749 conquisivi
2220 4691 2370 4749 quae
2411 4691 2480 4728 eo
2524 4671 2748 4729 ducunt

303 4771 371 4818 ut
405 4762 687 4819 sententia
723 4761 899 4818 semel
943 4759 1170 4836 prolata
1212 4757 1482 4813 standum
1527 4773 1648 4812 esse
1697 4764 1915 4830 putem,
1948 4753 2061 4811 'sed
2109 4754 2278 4829 longe
2321 4753 2491 4829 plura
2531 4764 2748 4809 restare

301 4862 450 4917 quae
513 4842 729 4898 multos
793 4859 1005 4915 eosque
1070 4837 1538 4913 diligentissimos
1595 4838 1753 4891 viros
1813 4834 2011 4892 doctos
2064 4834 2414 4910 perscrutari
2468 4843 2746 4909 oporteat,

303 4923 488 4980 libens
531 4924 736 4979 fateor.
821 4923 981 4978 Haec
1026 4920 1171 4976 inihi
1209 4938 1383 4976 causa
1423 4916 1637 4988 extitit,
1681 4934 1787 4971 cur
1833 4934 1907 4971 ex
1948 4916 2092 4971 meis
2127 4914 2409 4971 nonnulla
2446 4914 2561 4970 iam
2590 4932 2749 4971 nunc

301 5003 546 5074 ederem,
617 5001 774 5078 quod
836 5002 1180 5073 nesciebam,
1247 5010 1469 5056 essetne
1530 5014 1788 5073 unquam
1847 5014 1916 5051 ea
1967 5015 2092 5053 sors
2145 4996 2376 5053 exitura
2423 5004 2492 5051 ut
2540 4994 2600 5050 in
2656 4994 2748 5051 his

301 5083 582 5159 augendis
628 5082 964 5158 colligendis
1011 5080 1376 5157 disponendis
1423 5078 1608 5135 otium
1656 5094 2070 5133 consumerem.
2157 5076 2224 5132 In
2273 5076 2464 5132 frusta
2505 5074 2748 5133 dissecta

304 5184 420 5221 non
469 5164 691 5221 frustra
739 5163 1064 5238 dispensata
1111 5172 1289 5237 atque
1335 5159 1652 5235 composita
1697 5158 1824 5213 fore
1868 5175 2054 5233 spero,

467 5244 658 5311 Quid?
744 5244 818 5300 D.
892 5243 1200 5299 Erasmum
1257 5240 1816 5310 Roterodamensem‚
1884 5256 2056 5313 quem
2103 5244 2228 5293 toto
2276 5237 2416 5293 orbe
2463 5247 2750 5293 terrarum

301 5344 532 5383 summo
581 5344 758 5399 opere
799 5343 834 5379 a
883 5323 1211 5380 doctissimo
1259 5340 1489 5397 quoque
1539 5321 1650 5377 coli
1697 5337 1815 5375 non
1855 5318 2204 5393 ignoramus,
2245 5316 2400 5393 apud
2446 5316 2752 5392 populares

301 5425 438 5463 suos
502 5406 686 5462 iacere
754 5423 938 5479 aequo
1007 5403 1202 5459 animo
1275 5402 1566 5458 feremus?
1654 5399 1772 5467 Qui
1837 5398 2128 5474 quondam
2178 5406 2302 5453 erat
2357 5397 2418 5453 in
2467 5397 2751 5455 desiderio

303 5485 577 5557 civitatis,
617 5486 678 5541 in
727 5504 845 5556 ore,
903 5485 964 5541 in
1013 5502 1275 5541 sermone
1317 5482 1578 5539 omnium
1621 5480 1860 5550 civium,
1903 5490 2100 5536 nostra
2143 5488 2331 5535 aetate
2377 5488 2496 5534 tam
2543 5497 2749 5553 parum

302 5566 624 5637 curabitur,
665 5576 733 5622 ut
770 5566 1057 5623 maiorum
1093 5562 1334 5640 gloriam
1373 5563 1528 5619 bello
1555 5572 1612 5618 et
1639 5579 1780 5637 pace
1807 5570 2027 5636 partam
2057 5578 2162 5616 nos
2189 5559 2419 5631 iactare,
2448 5559 2751 5615 doctorum

302 5647 520 5705 civium
569 5647 722 5703 vitas
769 5646 1100 5722 scriptaque
1146 5643 1434 5719 neglectui
1483 5643 1696 5699 habere
1742 5642 1818 5699 ab
1869 5641 2084 5698 exteris
2131 5640 2285 5697 obici
2326 5640 2656 5715 patiamur?

465 5728 746 5785 Nostrum
807 5727 1139 5803 repetimus,
1204 5743 1378 5801 quem
1434 5723 1537 5780 alii
1600 5724 1715 5779 iam
1770 5721 1883 5778 sibi
1931 5721 2224 5778 vindicare
2289 5728 2604 5796 coeperunt
2652 5720 2750 5795 (6)

301 5826 492 5883 neque
573 5808 632 5864 id
716 5817 908 5864 tamen
989 5807 1136 5877 iure,
1210 5805 1323 5862 nisi
1394 5823 1515 5875 nos,
1581 5822 1688 5859 nos
1756 5803 1812 5859 N
1814 5801 2070 5859 eerlandi
2135 5801 2298 5877 prius
2371 5800 2748 5857 defuerimus.

305 5889 556 5945 Maiores
602 5888 876 5945 laudibus
923 5888 1109 5945 claros
1157 5906 1231 5943 ex
1278 5904 1410 5944 aere
1457 5884 1694 5941 finxisse
1741 5883 1882 5939 satis
1927 5902 2046 5939 non
2094 5892 2205 5939 est:
2261 5890 2328 5938 ut
2369 5881 2586 5938 mortui
2630 5880 2752 5940 vivi

305 5969 546 6025 volitent
593 5988 695 6045 per
753 5988 854 6025 ora
901 5969 1094 6025 virum
1145 5978 1400 6043 posteros
1441 5983 1672 6041 operam
1725 5964 1864 6021 dare
1913 5973 2157 6039 oportet.

304 6078 343 6085 Ψ
423 6116 498 6221 g)
559 6116 788 6163 Veldii
834 6128 1032 6161 carmen
1078 6114 1142 6160 ad
1180 6114 1237 6159 P.
1283 6114 1761 6161 CARPBNTABIUM
1807 6112 1861 6157 in
1908 6126 2054 6171 opere
2101 6124 2234 6166 meo;
2270 6108 2624 6157 Geschiedenis
2653 6122 2750 6155 van

301 6176 390 6222 het
425 6176 1212 6293 (ἳτωιὲίίοἳζῗῃῂἐῗωιιὲίῗωοὼθ
1242 6230 1468 6279 Courant
1497 6245 1563 6278 m.
1594 6230 1746 6277 Febr.
1779 6230 1907 6276 1878.

422 6296 473 6353 (3
562 6292 932 6353 Bibliograpbie
967 6292 1070 6339 und
1103 6292 1227 6337 Litt.
1259 6290 1485 6337 Chronik
1515 6290 1604 6337 der
1635 6289 1867 6345 Schweiz,
1908 6290 2036 6337 1878.

425 6354 472 6411 (4
561 6353 790 6399 Bulletin
821 6352 888 6397 du
925 6350 1242 6409 Bibliophile,
1278 6352 1408 6396 1878.

423 6414 494 6473 (5)
561 6412 857 6483 lfa'rasmiana
887 6411 1008 6483 dpor
1041 6410 1104 6456 R.
1137 6410 1332 6455 Faum
1365 6409 1419 6455 in
1452 6408 1498 6453 N
1507 6408 1768 6455 IJROUF'S
1800 6406 2070 6466 Biidragen
2105 6420 2224 6453 voor
2257 6404 2459 6451 Vaderl.
2490 6402 2749 6451 Geschied.

301 6470 982 6635 «et-osgphefidtkffdffiahsg.
1000 6528 1054 6574 in
1093 6526 1222 6574 libro
1252 6528 1470 6586 egregio:
1535 6524 1906 6572 L'Hellenisme
1935 6538 1998 6570 en
2029 6524 2220 6571 France
2251 6523 2418 6580 (Tom.
2447 6522 2520 6569 11.
2539 6522 2743 6628 ἔὲὲὸἶ)

301 6604 334 6635 ιι
372 6605 391 6636 ι
2676 6597 2702 6627 8
2733 6613 2746 6627 .

302 6648 351 6695 Ῑ1
397 6664 430 6717 y
476 6663 507 6695 a
554 6648 768 6694 beaucou
850 6648 1000 6717 veoug
1049 6645 1086 6691 il
1131 6660 1164 6703 y
1199 6661 1230 6692 a
1259 6648 1470 6692 souvent
1499 6645 1600 6713 fait
1630 6645 1699 6690 im
1739 6644 1887 6690 rimer
1918 6657 1994 6689 ses
2024 6634 2175 6690 li⁸vres
2204 6647 2256 6689 et
2284 6642 2332 6689 18
2365 6642 2532 6699 Latin,
2562 6641 2684 6700 qu’il
2716 6655 2747 6687 a

301 6713 530 6765 toujours
559 6707 754 6767 employ
783 6740 796 6765 ‚
827 6706 954 6753 &tait
981 6704 1114 6751 alors
1143 6705 1194 6751 la
1223 6704 1402 6763 langue
1433 6702 1656 6763 vulgaire
1719 6717 1771 6749 es
1801 6706 2018 6749 savants.

473 6604 579 6636 aec:
628 6590 708 6637 On
755 6589 836 6635 n'a
876 6602 966 6647 pas
995 6588 1166 6633 bcsoin
1196 6600 1292 6645 que
1321 6587 1372 6645 je
1401 6586 1592 6645 justifie
1621 6590 1752 6632 cette
1781 6584 2020 6643 adoption
2050 6583 2308 6631 d'Erasme
2338 6596 2428 6642 par
2459 6582 2508 6628 la

3927 1606 4147 1674 CAP.
4204 1607 4264 1672 Ι.

3560 1761 3679 1830 ΒΕ
3746 1761 3817 1832 P.
3882 1762 4327 1832 MERULAE
4393 1762 4623 1831 FIDE.

3027 1934 3117 1992 Ne
3186 1935 3330 1992 viris
3394 1935 3579 1994 doctis
3644 1936 3747 2012 qui
3811 1936 3873 1992 in
3933 1936 4335 2012 quaestionum
4391 1935 4867 1994 Erasmianarum
4922 1937 5318 2014 penetralibus

2863 2025 3169 2073 versantur
3236 2049 3277 2058 -
3344 2034 3535 2092 neque
3598 2017 3751 2073 enim
3807 2017 4069 2092 profanis
4122 2035 4247 2074 rem
4292 2018 4369 2074 ab
4416 2035 4533 2073 ovo
4586 2017 4662 2074 ad
4710 2018 4863 2074 mala
4906 2018 5211 2078 decantare
5254 2020 5316 2076 in

2862 2097 3057 2154 animo
3110 2096 3255 2153 mihi
3310 2109 3397 2152 est
3450 2129 3493 2139 -
3540 2097 3796 2154 taedium
3846 2115 4128 2169 moveam,
4179 2098 4336 2172 quod
4380 2097 4787 2172 compendium
4838 2099 4995 2156 vitae
5038 2100 5317 2157 Erasmus

2863 2197 2971 2234 sua
3023 2195 3201 2234 manu
3257 2178 3647 2253 conscriptum
3696 2189 3755 2235 et
3800 2177 3873 2234 ad
3926 2179 4256 2236 Conradum
4305 2177 4669 2250 Goclenium,
4718 2179 4947 2256 collegii
4990 2181 5319 2238 Buslidiani

2865 2258 3247 2334 professorem
3292 2258 3552 2330 missum,
3599 2259 3663 2316 P.
3722 2259 3983 2316 MERULA
4030 2279 4183 2316 anno
4226 2261 4377 2317 1607
4408 2279 4469 2316 se
4496 2260 4753 2334 primum
4780 2259 4841 2316 in
4871 2261 5059 2318 lucem
5088 2271 5315 2337 protra-

2865 2340 3021 2396 xisse
3089 2339 3392 2414 gloriatur,
3458 2339 3798 2396 iamdudum
3847 2339 3993 2396 mihi
4037 2340 4303 2414 spurium
4352 2340 4911 2416 suppositiciumque
4966 2342 5158 2398 visum
5212 2351 5316 2400 est.

3031 2419 3203 2487 Quod
3258 2439 3392 2476 cum
3440 2430 3574 2476 ante
3622 2420 3762 2476 satis
3809 2420 4141 2477 dubitanter
4193 2439 4581 2478 asseverarem
4629 2430 4806 2496 atque
4852 2422 5040 2498 specie
5087 2433 5317 2479 tantum

2868 2501 2993 2558 veri
3042 2500 3381 2557 sententiam
3431 2501 3913 2574 commendarem,
3965 2501 4241 2558 editorem
4277 2500 4340 2558 in
4368 2520 4623 2558 errorem
4650 2521 4772 2558 esse
4800 2502 5109 2560 inductum
5135 2514 5315 2575 ratus,

2863 2600 2959 2638 res
3022 2581 3137 2638 iam
3201 2600 3269 2637 eo
3330 2581 3594 2656 pervenit
3656 2591 3725 2638 ut
3766 2581 3887 2657 ipse
3936 2582 4182 2639 Faunus
4224 2581 4325 2638 ille
4369 2583 4649 2653 Manum,
4692 2583 4984 2658 professor
5025 2584 5317 2659 quondam

2866 2661 3470 2738 Lugduno-BatavuS,
3536 2662 3667 2719 iure
3722 2663 3868 2719 mihi
3926 2662 4053 2736 lege
4108 2663 4408 2719 Connsma
4466 2663 4538 2718 de
4584 2663 4734 2720 falso
4784 2663 5091 2721 damnatus
5132 2683 5321 2740 aquae

2865 2753 2925 2798 et
2989 2743 3139 2816 ignis
3204 2742 3606 2800 interdictione
3670 2742 3732 2798 in
3786 2743 4148 2800 eruditorum
4204 2761 4269 2798 re
4312 2743 4547 2818 publica
4595 2743 4805 2818 dignus
4852 2763 4975 2802 esse
5031 2745 5315 2802 videatur.

3032 2825 3145 2880 Res
3192 2823 3368 2880 altius
3411 2827 3720 2899 repetenda
3766 2834 3882 2880 est:
3943 2823 4361 2882 recurrendum
4409 2825 4483 2881 ad
4532 2825 4810 2897 Ennium,
4848 2825 5317 2901 antiquissimum

2865 2904 3197 2961 Romanum
3245 2913 3487 2979 poetam.
3574 2903 3797 2962 Maiore
3844 2905 3997 2961 enim
4047 2905 4173 2962 veri
4218 2905 4423 2980 specie,
4472 2925 4649 2980 quam
4686 2906 4757 2963 de
4794 2905 4949 2963 vitae
4978 2906 5317 2982 compendio

2866 2985 3209 3042 sententiam
3272 3003 3661 3060 conceperam,
3720 2985 3864 3042 viris
3921 2985 4107 3042 doctis
4160 2985 4619 3043 commendatam
4666 2986 4797 3044 fore
4840 3006 5024 3064 sper0,
5074 2987 5319 3044 simulac

2869 3066 3159 3122 Merulam
3214 3066 3277 3122 in
3308 3065 3509 3135 ‚Ennii
3563 3065 3907 3141 fragmentis
3950 3066 4187 3124 edendis
4234 3066 4477 3138 codices,
4525 3066 4874 3138 adversaria,
4916 3067 5319 3144 inscriptiones

2865 3145 3103 3204 finxisse
3165 3155 3341 3220 atque
3406 3145 3542 3203 ficta
3612 3145 3673 3202 in
3744 3166 3879 3204 suos
3942 3166 4083 3204 usus
4131 3147 4466 3205 adhibuisse
4511 3147 4849 3206 constiterit.

3032 3227 3180 3283 Cum
3239 3227 3377 3285 olim
3448 3226 3741 3284 hominem
3790 3247 3976 3285 unum
4024 3228 4084 3284 in
4134 3228 4336 3303 paucis
4378 3247 4598 3284 vanum
4645 3238 4823 3304 atque
4878 3229 5318 3306 superciliosum

2864 3307 2997 3364 aliis
3056 3307 3313 3364 ludibrio
3361 3306 3543 3364 fuisse
3600 3308 4010 3380 existimarem,
4062 3309 4167 3384 qui
4214 3309 4442 3366 Erasini
4488 3309 4671 3365 vitam
4713 3328 4749 3366 a
4790 3327 4853 3366 se
4894 3310 5199 3367 conflatam
5243 3310 5319 3366 ab

2866 3407 2935 3444 80
2984 3387 3264 3444 edendam
3320 3389 3699 3460 curavissent,
3740 3409 3897 3447 nunc
3926 3390 4118 3466 ipsum
4144 3389 4587 3446 fallacissimum
4616 3390 4893 3447 editorem
4924 3390 5321 3466 fraudumque

2867 3468 3265 3544 plenissimum
3312 3468 3517 3526 habeo·
3565 3530 3576 3538 ,

3030 3550 3235 3624 Neque
3282 3560 3473 3606 tamen
3522 3568 3616 3607 me
3658 3550 3835 3607 huius
3875 3550 4191 3608 sententiae
4210 3589 4215 3592 -
4234 3561 4529 3608 auctorem
4571 3550 4870 3627 profiteor:
4918 3552 5043 3608 vias
5071 3561 5316 3622 tantum,

2866 3649 3013 3706 quas
3088 3629 3458 3688 Godofredus
3534 3631 3926 3704 Hermannus,
4002 3631 4355 3689 Ritschelius
4430 3650 4747 3708 eorumque
4830 3631 5099 3709 discipuli
5180 3642 5318 3690 sunt

2866 3710 3125 3787 ingressi,
3192 3730 3524 3786 persequor,
3590 3712 3726 3770 hinc
3794 3712 3955 3769 illinc
4024 3714 4371 3788 conquirens
4430 3732 4579 3788 quae
4632 3713 4779 3770 mihi
4834 3714 4909 3769 ad
4956 3733 5080 3770 rem
5130 3732 5317 3770 meam

2865 3791 3060 3848 facere
3115 3792 3404 3849 videntur.
3491 3792 3779 3859 Quamvis
3818 3812 4025 3869 operae
4078 3794 4331 3868 pretium
4388 3804 4551 3861 esset,
4603 3793 4873 3869 pluribus
4920 3794 5197 3851 disserere
5246 3794 5319 3850 de

2868 3871 2967 3928 via
3024 3886 3082 3929 et
3140 3872 3363 3929 ratione
3423 3892 3541 3948 qua
3590 3874 3651 3929 in
3690 3873 3867 3930 Ennii
3921 3874 4259 3949 fragmentis
4314 3874 4597 3948 fingendis
4644 3893 4787 3931 usus
4832 3884 4934 3946 est,
4986 3886 5053 3931 ut
5097 3884 5319 3949 pateret

2868 3962 3158 4028 corrupta,
3201 3972 3335 4010 cum
3370 3954 3429 4009 in
3474 3954 3651 4010 Ennii
3690 3954 4023 4011 Annalibus
4041 3964 4166 4011 tum
4196 3956 4257 4011 in
4285 3954 4515 4011 Erasmi
4543 3955 4699 4012 vitae
4736 3955 5073 4031 compendio
5100 3954 5322 4013 edendo

2866 4034 2931 4089 in
2994 4034 3184 4091 lucem
3253 4034 3621 4109 protraxisse,
3686 4054 3803 4110 quo
3872 4035 4147 4092 maiorem
4216 4045 4274 4091 et
4344 4035 4701 4092 emendando
4778 4046 4833 4092 et
4890 4035 5321 4111 interpretando

2870 4114 3102 4171 laudem
3170 4114 3283 4171 sibi
3348 4126 3589 4190 pareret,
3646 4116 3845 4191 paucis
3896 4135 4018 4172 rem
4066 4116 4414 4173 adumbrare
4462 4116 4663 4173 malui.
4741 4116 4895 4173 Acta
4942 4136 5111 4190 agere
5154 4116 5315 4173 nolo:

2868 4195 3008 4251 satis
3072 4196 3298 4252 habebo
3354 4196 3403 4252 si
3457 4196 3817 4271 argumentis
3863 4196 4097 4253 aliunde
4146 4196 4499 4272 depromptis
4549 4196 4607 4253 id
4653 4197 4811 4272 quod
4862 4216 5045 4273 neque
5095 4196 5325 4253 civibus

2868 4294 3057 4351 neque
3138 4276 3455 4351 peregrinis
3536 4276 3731 4334 studia
3804 4278 4143 4334 Erasmiana
4224 4278 4631 4335 exercentibus
4705 4278 5021 4335 innotuisse
5089 4278 5323 4334 videtur

2869 4358 3207 4431 probavero,
3260 4357 3332 4414 de
3380 4357 3446 4414 P.
3502 4358 3800 4415 Mannum
3846 4358 3961 4415 fide
4004 4377 4233 4415 summo
4280 4358 4409 4415 iure
4456 4358 4731 4415 dubitari.

3034 4438 3123 4494 De
3192 4438 3435 4514 singulis
3506 4439 3682 4495 Ennii
3752 4439 4071 4496 Annalium
4139 4438 4482 4513 fragmentis
4557 4438 4713 4495 haud
4782 4457 4915 4496 raro
4990 4438 5183 4495 dolose
5253 4456 5321 4495 ac

2869 4519 3023 4575 mala
3098 4518 3213 4575 fide
3280 4519 3484 4590 auctis,
3552 4519 3870 4576 emendatis
3939 4518 4053 4593 (7),
4116 4538 4297 4576 suove
4352 4519 4477 4576 loco
4522 4519 4643 4575 ficti
4687 4519 4942 4576 auctoris
4989 4538 5061 4575 ex
5108 4519 5321 4575 XVIII

2869 4599 2967 4655 vel
3040 4598 3271 4669 librum,
3322 4599 3371 4655 si
3419 4598 3551 4675 quis
3598 4618 3740 4657 usus
3786 4600 4051 4671 venisset,
4103 4600 4411 4657 indicantis
4458 4599 4787 4657 testimonio
4830 4600 5116 4657 restitutis
5155 4600 5325 4675 plura

2870 4698 2945 4736 ex
2992 4679 3479 4737 reconditioribus
3524 4699 3673 4755 quae
3722 4680 4118 4738 Grammatica
4166 4692 4225 4737 et
4275 4682 4392 4737 Ars
4438 4681 4679 4737 metrica
4726 4680 4787 4736 in
4833 4699 5063 4737 recessu
5109 4680 5326 4737 habent

2869 4779 3212 4837 cognoscere
3230 4760 3565 4837 gestientem
3590 4761 3665 4817 ad
3686 4762 3993 4836 scriptores
4014 4780 4161 4835 quos
4181 4780 4318 4818 mox
4340 4761 4629 4818 allaturus
4648 4779 4797 4833 sum,
4822 4760 5146 4835 delegatum
5170 4760 5321 4817 volo.

3035 4841 3335 4908 Quaenam
3382 4841 3657 4899 audaciae
3699 4842 3959 4899 facinora
4000 4842 4061 4897 in
4100 4842 4365 4899 fontibus
4408 4841 4585 4897 Ennii
4612 4862 4648 4899 a
4675 4860 4735 4898 se
4762 4841 4903 4898 editi
4931 4840 5324 4916 confingendis

2870 4922 3240 4994 commiserit,
3290 4941 3566 4997 perquam
3617 4922 3869 4980 breviter
3917 4922 4216 4997 attingam,
4262 4932 4332 4979 ut
4378 4931 4569 4999 pateat
4624 4942 4760 4997 quc,
4812 4931 4879 4979 ut
4916 4942 5048 4979 cum
5078 4924 5321 4979 Eli-asmo

2870 5002 3105 5071 faciam,
3153 5002 3343 5059 famae
3392 5022 3557 5059 sacra
3598 5002 3785 5061 fames
3832 5003 3990 5059 hunc
4038 5003 4339 5059 mortalem
4390 5003 4657 5078 coegerit.

3036 5083 3125 5139 De
3170 5082 3379 5140 fraude
3430 5083 3621 5139 Paum
3678 5085 3995 5156 MERULAE,
4046 5084 4443 5140 Ennianorum
4486 5083 4784 5140 annalium
4813 5082 5065 5155 editoris,
5095 5084 5321 5158 primus

2870 5162 3006 5219 data
3058 5182 3231 5239 opera
3278 5164 3395 5237 egit
3436 5164 3730 5223 «10888888
3772 5166 4039 5222 Lawicm
4084 5165 4145 5221 in
4178 5164 4576 5221 dissertatione
4603 5163 4952 5241 philologica
4976 5182 5129 5221 anno
5163 5164 5316 5221 1852

2869 5244 3109 5301 Bonnae
3165 5244 3418 5301 defensa.

3036 5326 3160 5381 Iam
3224 5326 3377 5382 XIII
3439 5325 3608 5381 annis
3670 5332 3805 5381 ante
3866 5326 3947 5382 M.
4002 5326 4272 5383 Hocmus
4319 5326 4379 5382 in
4428 5324 4579 5381 libro
4627 5344 4798 5399 quem
4849 5324 5143 5401 inscripsit
5190 5350 5213 5375 u
5230 5324 5318 5381 De

2870 5404 3270 5462 Ennianorum
3355 5406 3675 5462 Annalium
3758 5406 4099 5482 fragmentis
4179 5425 4215 5461 a
4290 5406 4357 5461 P.
4434 5405 4693 5461 Manum
4778 5406 4967 5463 auctis
4980 5405 5012 5430 ’⁹
5088 5405 5321 5462 duobus

2871 5486 3163 5561 capitibus
3212 5504 3333 5551 rem
3379 5486 3666 5560 tetigerat.

3035 5566 3133 5623 Ad
3200 5567 3408 5639 fontes,
3478 5566 3695 5642 quibus
3760 5566 3937 5624 Ennii
4003 5566 4303 5623 annalium
4368 5584 4517 5641 quae
4586 5577 4899 5642 supersunt
4944 5567 5211 5623 editurus
5258 5584 5319 5623 se

2871 5666 3045 5703 usum
3091 5666 3209 5703 esse
3256 5648 3357 5719 ait,
3413 5648 3595 5704 refert
3648 5658 3872 5723 praeter
3925 5648 4072 5705 alios
4121 5680 4146 5689 -
4196 5655 4266 5703 ut
4322 5646 4615 5703 Glossaria
4662 5648 4931 5705 Fornerii
4958 5659 5015 5705 et
5046 5647 5318 5704 Servium

2871 5727 3033 5785 Petri
3121 5727 3381 5785 Danielis
3472 5727 3847 5804 copiosiorem
3937 5748 4112 5803 quam
4206 5727 4308 5803 qui
4391 5727 4704 5803 impressus
4784 5727 5196 5785 circumfertur
5277 5756 5320 5771 —-

2870 5808 2939 5866 L.
2993 5808 3291 5884 Calpurnii
3334 5808 3561 5865 Pisonis
3610 5828 3772 5884 opuS,
3824 5809 3979 5885 quod
4032 5808 4566 5865 Continentiam
4608 5808 4917 5885 inscripsit.
5010 5809 5095 5866 At
5140 5808 5318 5866 verba

2872 5908 3021 5964 quae
3072 5889 3346 5965 leguntur
3394 5890 3456 5945 in
3505 5889 3697 5947 Praef.
3750 5910 3805 5965 p.
3861 5892 3933 5948 16
3986 5890 4308 5947 describere
4357 5889 4540 5945 iuvat.

3038 5970 3247 6027 nHaec
3310 5970 3437 6027 eius
3504 5970 3870 6027 Continentia
3918 5971 4065 6047 (vox
4119 5970 4222 6028 illa
4268 5972 4533 6043 συνέχεια
4583 5969 4847 6045 Graecis)
4898 5969 5137 6027 Parisiis
5184 5969 5319 6047 (ubi

2871 6068 2993 6107 esse
3064 6050 3347 6108 indicarat
3410 6050 3556 6107 mihi
3626 6051 3763 6108 olim
3832 6051 3905 6109 N.
3974 6052 4049 6109 V.
4122 6052 4545 6109 Wonmmous
4604 6051 4939 6108 Zindelinua
5000 6052 5132 6127 (1),
5200 6069 5320 6126 quo

2871 6130 3295 6189 Germanorum
3353 6130 3690 6207 Principum
3746 6132 3978 6189 nomine
4025 6132 4289 6189 Venetiis
4335 6142 4539 6207 agente
4584 6131 4949 6188 familiariter
4992 6150 5121 6188 sum
5152 6130 5323 6207 usus)

2869 6220 3139 6269 servatur
3200 6212 3261 6269 in
3312 6212 3675 6269 Bibliotheca
3726 6213 3784 6270 S.
3836 6213 4137 6285 VICTORIS,
4187 6213 4409 6269 utinam
4456 6213 4809 6287 religiosius:
4865 6212 5081 6268 timeo
5136 6212 5317 6269 enim

2870 6292 2985 6349 illi
3054 6312 3090 6349 a
3159 6294 3431 6369 plagi03
3505 6293 3642 6350 novi
3714 6293 4082 6369 quorundam
4138 6294 4473 6351 criticorum
4528 6312 4733 6351 mores.
4820 6292 5145 6350 Coniuncta
5197 6301 5321 6349 erat

2869 6391 3004 6430 cum
3088 6373 3329 6431 Lucano
3390 6373 3536 6432 M.S.
3604 6374 3701 6431 cui
3765 6392 3903 6431 suae
3961 6374 4036 6430 ad
4104 6375 4425 6450 marginem
4478 6374 4736 6431 adiectae
4788 6384 4975 6445 notae,
5048 6374 5132 6430 rei
5200 6390 5319 6429 non

2868 6453 3165 6530 magnae?

2992 6640 3063 6699 (1)
3128 6638 3185 6686 Ρ.
3224 6642 3291 6685 14.
3355 6638 3419 6685 In
3450 6637 3605 6685 Italia
3661 6636 3795 6693 quia,
3818 6650 3919 6681 non
3940 6634 4129 6694 absque
4148 6634 4290 6693 gravi
4312 6648 4460 6681 cansa
4478 6634 4739 6681 latendum
4760 6636 4889 6693 erat)
4912 6633 5097 6680 multos
5116 6632 5321 6692 quidem

2865 6699 3001 6756 novi,
3047 6700 3136 6745 uni
3168 6705 3337 6745 tamen
3368 6702 3567 6745 tantum
3666 6702 3979 6741 OLFGANGO
4010 6694 4079 6751 2.,
4112 6694 4220 6741 viro
4251 6693 4466 6741 candido
4496 6698 4547 6740 et
4578 6707 4694 6741 vere
4724 6693 4989 6750 Germano,
5018 6706 5098 6739 me
5132 6694 5307 6751 aperui
