5797 7330
501 413 576 470 ad
619 413 1017 489 praedandum
1075 413 1328 470 hostium
1378 413 1617 488 equites,
1662 412 1904 470 audacia
1963 413 2146 487 magis
2205 432 2379 488 quam
2422 413 2660 471 consilio
2701 421 2807 469 aut
2848 431 2948 489 spe

504 493 749 551 fallendi
790 493 1163 551 resistendive
1211 494 1262 551 si
1302 513 1420 551 non
1460 494 1704 564 falleret,
1749 504 2157 569 transgressus.
2202 494 2299 570 (l)

669 574 805 631 Alia
846 574 1040 631 minus
1082 575 1292 631 usitate
1334 585 1438 631 aut
1478 574 1699 650 poetice
1741 573 1922 631 dicta:

669 655 696 711 Ι
739 675 826 730 pr.
873 657 907 712 9
968 655 1048 712 ite
1109 674 1267 712 nunc
1325 664 1383 712 et
1445 655 1505 711 in
1565 655 1689 711 istis
1753 654 1894 711 viris
1935 655 2196 730 quaerite
2237 665 2509 713 oratores.
2597 655 2731 711 SEN.
2781 655 2806 710 1
2848 655 2941 711 2.1

501 755 623 811 quo
663 735 807 792 mihi
849 736 1203 793 sacerdotem
1244 735 1413 793 cuius
1453 735 1711 811 precaria
1753 744 1836 792 est
1879 735 2124 792 castitas.
2179 735 2399 792 LATRO.
2449 736 2586 792 ibid.
2632 736 2668 792 8
2713 735 2949 810 piratas,

502 816 718 891 quibus
775 835 945 873 omne
1001 816 1092 873 fas
1154 816 1434 892 nefasque
1495 816 1660 872 lusus
1722 826 1825 872 est.
1913 815 2076 872 Cnsr.
2122 816 2182 871 II
2229 816 2360 871 1.33
2406 815 2841 884 controversias,
2885 815 2947 871 in

503 896 720 972 quibus
761 896 912 953 inter
953 896 1248 953 silentium
1291 906 1347 953 et
1389 896 1860 971 significationem
1919 895 2110 952 medio
2159 906 2612 970 temperamento
2654 915 2800 970 opus
2841 907 2944 952 est.

625 1164 694 1222 (1)
760 1163 948 1208 Notatu
997 1162 1148 1220 digna
1194 1167 1270 1208 est
1315 1163 1464 1209 etiam
1499 1163 1617 1208 haec
1659 1164 1908 1208 sententia
1939 1163 1991 1208 in
2025 1164 2165 1210 Orat.
2198 1163 2260 1210 de
2290 1164 2442 1212 harus
2479 1167 2610 1212 ioum
2640 1180 2770 1224 resp.
2801 1165 2830 1236 ξ
2863 1167 2948 1210 22:

511 1222 591 1267 Vis
619 1223 740 1267 enim
769 1221 1124 1267 {renumerabilis
1153 1221 1362 1278 imitata,
1393 1237 1449 1267 m:
1478 1222 1685 1267 omnibus
1718 1222 1829 1268 vicis
1856 1222 2056 1275 collecta,
2088 1237 2324 1269 sev-vorum
2355 1225 2414 1270 ab
2443 1181 2530 1270 ἳοε·
2560 1225 2707 1270 aedili
2732 1224 2820 1270 rel!
2856 1224 2951 1269 t'ow

499 1289 680 1339 reperim
711 1280 984 1340 fornicibus
1027 1281 1134 1326 osti'
1269 1280 1476 1326 omnibus
1505 1281 1556 1325 in
1585 1296 1766 1326 scenam
1797 1281 1931 1350 εἰρηο
1961 1282 2070 1326 <beto
2101 1281 2307 1328 immissa
2338 1283 2526 1342 irrupit.
2591 1284 2729 1330 Haec
2833 1283 2950 1329 ark-

503 1339 640 1386 landi
702 1345 753 1386 et
813 1339 983 1386 Wolfii
1030 1355 1170 1398 repre
1208 1341 1458 1386 ensionem
1534 1354 1635 1386 non
1695 1340 1924 1398 effugisse
1989 1341 2075 1387 vix
2122 1345 2198 1387 est
2262 1342 2394 1401 quod
2456 1357 2702 1389 moneam.
2779 1343 2951 1388 Etiam

506 1399 744 1445 notabilis
789 1404 865 1445 est
910 1400 1270 1445 sententiarum
1311 1399 1646 1446 conformatio
1690 1400 1744 1445 in
1789 1399 1866 1444 his
1903 1399 2050 1445 locis:
2099 1414 2210 1458 pro
2258 1401 2443 1449 Marc.
2496 1402 2524 1462 ς
2561 1405 2576 1447 1
2629 1411 2853 1448 cantum
2902 1402 2951 1445 in

503 1473 682 1504 mnam«
709 1465 929 1516 potestate
959 1473 1114 1504 rervm
1147 1458 1346 1503 omnium
1389 1459 1610 1504 modum
1662 1459 1715 1515 (i.
1749 1473 1789 1505 e.
1839 1458 2268 1518 moderationem).
2331 1460 2359 1520 ξ
2405 1463 2464 1506 22
2511 1461 2646 1521 quis
2687 1469 2784 1506 tam
2830 1459 2955 1505 nihil

499 1531 718 1577 umquam
749 1532 832 1564 nec
861 1517 916 1563 de
945 1531 1030 1562 sua
1062 1532 1144 1563 nec
1175 1517 1230 1561 de.
1258 1519 1487 1563 communi
1515 1518 1660 1563 salute
1705 1533 1766 1562 co
1773 1518 1837 1576 ρι’
1847 1525 1998 1563 tans.
2049 1519 2078 1578 ξ
2110 1521 2165 1564 ’25
2197 1519 2333 1564 istum
2366 1520 2600 1566 docem-nm
2634 1521 2866 1565 hominum
2900 1519 2950 1563 in

501 1577 826 1622 contemnenda
873 1583 1016 1621 morte
1053 1577 1352 1634 prudenti
1364 1593 1465 1622 am.
1529 1577 1556 1638 §
1591 1579 1647 1622 26
1689 1577 1845 1636 ylario
1893 1585 1954 1622 est
1988 1577 2186 1624 illustris
2230 1595 2288 1624 ac
2309 1588 2570 1638 pervagante
2603 1594 2947 1638 ntupum-um

502 1635 574 1681 vel
601 1635 648 1680 in
682 1650 786 1681 suos
815 1636 886 1681 vel
915 1637 962 1681 iu
987 1636 1200 1694 patriam
1234 1636 1304 1682 vol
1332 1636 1380 1681 in
1413 1653 1544 1682 mnne
1570 1651 1715 1696 yenus
1747 1636 2040 1681 hominum
2058 1641 2203 1695 joma
2239 1639 2521 1684 nter-{torum

2972 236 3048 295 18

3066 412 3202 470 Seu.
3249 413 3306 469 11
3351 416 3449 472 5.3
3513 413 3825 484 carnifices,
3889 411 3950 469 in
4013 432 4263 489 quorum
4312 414 4577 471 vultibus
4618 425 4904 473 tormenta
4944 427 5125 475 erant.
5213 418 5377 476 czsr.
5431 417 5525 474 IX

3064 495 3202 551 229
3247 505 3305 550 et
3344 495 3420 552 ad
3461 495 3609 551 hanc
3652 493 4099 552 controversiam
4144 494 4354 551 Graeci
4394 513 4599 552 manus
4642 511 5040 572 porrexerunt.
5128 497 5263 556 Sur.
5310 500 5371 555 X
5420 499 5522 554 25

3065 594 3181 649 quo
3246 575 3374 632 viro
3435 575 3765 650 (Cicerone)
3828 574 3976 631 nihil
4037 575 4350 652 speciosius
4408 576 4601 633 civilis
4658 587 4966 652 tempestas
5026 579 5285 637 abstulit.
5374 579 5527 635 SEX.

3068 656 3204 712 ibid.
3250 657 3387 713 3.14
3453 656 3593 730 quid
3658 655 3892 732 peccavi
3940 655 4097 730 quod
4138 654 4318 712 filiam
4359 675 4475 712 non
4518 656 4707 732 primo
4749 659 4930 715 verbo
4972 660 5180 736 recepi.
5266 662 5529 716 Aac-nx-

3063 753 3275 792 umus
3333 736 3478 811 (alio
3526 754 3699 794 sensu
3743 736 3861 792 Cic.
3904 736 3978 792 ad
4019 735 4159 793 fam.
4205 735 4293 792 IX
4342 738 4414 794 19
4458 755 4563 811 ego
4604 737 4795 796 tribus
4837 739 5039 814 primis
5080 741 5296 812 verbis,
5336 758 5531 816 quem

3065 816 3258 873 locum
3309 817 3779 874 Marklandus
3842 816 4046 892 citavit
4104 816 4178 873 ad
4240 828 4505 892 suspecta
4562 817 4699 876 ista:
4768 819 5091 895 inceptis
5131 821 5397 892 verbis,
5464 820 5531 876 in

3065 896 3187 953 har.
3231 916 3379 972 resp.
3432 900 3511 973 l).
3600 897 3763 954 Sues.
3808 897 3939 953 221
4009 897 4225 954 rhetori
4275 896 4665 970 testimonium
4710 901 4963 975 stuporis
5004 901 5365 959 reddendum
5416 913 5532 970 est,

3065 977 3170 1051 qui
3232 977 3400 1048 dixit,
3462 987 3568 1034 etc.
3656 977 3791 1034 Sim.
3840 977 3962 1034 ibid
4001 979 4100 1035 4.3
4146 978 4399 1034 incertae
4440 979 4611 1035 sortis
4652 979 4923 1037 vivimus.
5008 981 5181 1039 Fuso.
5228 982 5367 1039 ibid.
5424 982 5531 1038 6.3

3069 1057 3283 1122 Cicer0,
3330 1058 3427 1115 cui
3468 1076 3529 1114 se
3571 1057 3743 1115 debet
3782 1057 3939 1115 salus
3981 1058 4231 1134 publica.
4316 1059 4500 1116 Lna.
4552 1060 4689 1116 ibid.
4736 1062 4853 1119 7.1.
4900 1061 5227 1138 respublica
5266 1063 5329 1118 in
5372 1062 5533 1118 boni

3066 1138 3342 1214 principis
3384 1138 3575 1195 sinum
3619 1138 3917 1195 ceciderat.
4006 1139 4331 1196 Hnnmus.

3226 1219 3581 1276 Proverbia:
3656 1220 3685 1275 1
3748 1238 3833 1294 pr.
3895 1220 3930 1276 9
3994 1238 4067 1276 ne
4139 1219 4199 1275 di
4256 1229 4486 1276 tantum
4560 1220 4716 1291 mali,
4794 1232 4861 1278 ut
4930 1221 5095 1279 cadat
5163 1222 5529 1297 eloquentia.

3068 1299 3203 1356 Sex.
3250 1300 3277 1355 Ι
3320 1301 3417 1357 3.5
3460 1301 3535 1356 ab
3581 1299 3831 1375 Tarpeio
3887 1299 3961 1358 ad
4014 1301 4251 1356 Vestam
4278 1345 4290 1356 .
4318 1345 4330 1356 .
4355 1345 4367 1356 .
4426 1319 4461 1356 a
4502 1319 4644 1357 saxo
4698 1301 4771 1358 ad
4814 1303 5114 1378 templum.
5200 1303 5412 1360 H1sro'.
5468 1303 5534 1358 11

3072 1381 3205 1438 1.39
3268 1391 3397 1437 acta
3456 1381 3519 1437 in
3576 1399 3777 1437 aurem
3834 1381 4037 1457 legere.
4113 1379 4411 1450 SCAURU83
4474 1381 4551 1438 of.
4619 1381 4792 1439 Mart.
4848 1385 5028 1458 epigr.
5075 1383 5120 1440 Ι.
5168 1385 5261 1440 90.
5308 1385 5369 1440 Π
5424 1385 5533 1440 6.4

3066 1479 3273 1516 navem
3316 1461 3377 1517 in
3435 1471 3608 1536 portu
3648 1461 3877 1536 mergis.
3961 1461 4281 1518 Fimmus.
4370 1461 4563 1518 Contr.
4615 1463 4707 1518 111
4749 1482 4836 1539 pr.
4888 1465 4957 1520 16
5002 1483 5219 1521 crassas
5258 1464 5537 1521 cervices

3066 1541 3296 1597 habere.
3350 1541 3484 1598 SEN.
3539 1541 3629 1599 cf.
3676 1541 3793 1598 Cic.
3854 1542 4022 1598 Verr.
4091 1543 4180 1599 ΙΙΙ
4238 1562 4286 1598 c.
4354 1543 4429 1599 59
4489 1554 4917 1618 recuperatores
4965 1545 5143 1601 tantis
5183 1545 5537 1601 cervicibus

3066 1621 3168 1697 qui
3225 1621 3478 1679 audeant
3518 1641 3593 1677 :-
3634 1633 3791 1678 tanta
3838 1621 4097 1693 audacia,
4141 1633 4200 1679 et
4241 1622 4399 1678 Pers.
4445 1623 4492 1679 1.
4538 1623 4613 1680 98
4657 1624 4791 1680 laxa
4832 1625 5059 1681 cervice
5100 1624 5303 1700 legere.
