5797 7330
265 417 352 463 ut
408 425 482 462 2:
539 398 766 461 etiamsi
829 401 858 456 I
923 402 1018 457 2.7
1083 399 1176 455 bis
1232 409 1290 454 et
1351 398 1443 453 1⁶2.
1506 396 1564 452 11
1625 414 1708 470 pr.
1758 395 1814 465 4,
1869 391 2001 450 1.19
2045 410 2128 466 sq.
2177 391 2339 447 81188.
2385 391 2502 446 2.4.
2547 388 2718 464 (alibi

353 489 646 560 usurpant
681 481 968 556 quamvis,
1013 481 1164 550 licet,
1209 477 1492 550 etiamsi);
1539 487 1666 550 post
1706 492 2016 532 necesse
2057 482 2166 528 est
2210 471 2387 544 vulgo
2429 470 2717 526 omittitur

351 569 382 624 1
444 585 530 642 pr.
595 565 652 636 4,
715 563 872 621 5.18.
936 562 994 618 ΙΙ
1054 561 1172 630 2.9,
1231 559 1349 626 3.8,
1410 557 1486 613 cf.
1539 556 1585 612 Ι.
1635 557 1749 626 1.9,
1794 555 1852 611 ΙΙ
1894 556 2012 610 4.1.
2055 585 2136 596 -
2178 565 2446 628 exspecto
2489 559 2570 607 ut
2609 550 2720 606 hoc

351 648 570 705 faceret
611 644 640 700 Ι
683 645 803 700 3.1.
849 644 917 699 In
959 651 1105 715 trag.
1151 640 1324 696 semel
1368 637 1584 708 notavi,
1630 635 1844 693 Troad.
1891 635 2028 692 429.

271 729 572 803 utique:
628 723 792 780 nulla
833 721 1121 798 particula
1171 721 1293 776 fere
1334 717 1726 794 frequentium
1775 715 1976 772 notavi
2017 724 2244 770 tantum
2286 714 2314 769 I
2358 713 2475 782 5.8‚
2519 711 2578 766 Π
2620 711 2718 768 4.8

353 819 410 864 81
459 807 551 864 13.
608 805 700 861 IX
740 803 898 874 221,
946 803 1100 860 6.15.
1147 802 1204 858 X
1253 801 1405 870 l.14,
1449 797 1586 854 420
1629 805 1736 854 etc.
1785 796 1948 853 81188.
1994 797 2113 867 2.2,
2157 796 2272 851 4.8.
2317 794 2386 850 In
2431 791 2632 860 Quint.
2679 789 2721 847 ll

353 887 517 944 I-III
559 883 758 942 notavi
798 882 980 939 XXII
1022 883 1160 938 iens.
1211 881 1360 937 Dial.
1411 879 1605 936 18.19.
1651 878 1848 935 23.31.

437 965 610 1024 Addo
654 964 858 1022 etiam:
1539 1017 1546 1024 ,

275 1051 396 1106 bis
437 1044 722 1124 parricida
763 1044 882 1100 VII
926 1043 1022 1100 2.5
1068 1041 1173 1118 (cf.
1221 1040 1442 1098 Sander
1483 1060 1540 1116 p.
1590 1041 1659 1094 ll
1707 1046 1766 1094 et
1807 1038 2017 1109 Draeg.
2062 1036 2108 1092 I.
2157 1035 2321 1108 131).

281 1148 457 1204 quam
513 1143 684 1184 care
745 1123 1068 1198 emancipat
1116 1123 1145 1178 1
1195 1122 1290 1180 7.6
1336 1120 1443 1190 (cf.
1491 1118 1607 1176 Cic.
1652 1118 1727 1175 ad
1769 1118 1868 1174 Br.
1914 1118 1959 1174 I.
2009 1117 2163 1173 16.6.
2207 1134 2312 1191 pro
2353 1115 2505 1170 dom.
2554 1111 2717 1184 115).

279 1205 776 1266 defunctorie
817 1223 1048 1262 causam
1089 1221 1258 1277 agere
1299 1202 1356 1258 X
1401 1202 1559 1258 218.
1604 1199 1822 1256 Lexica
1863 1197 2118 1253 afferunt
2158 1196 2413 1270 Digesta.
2624 1272 2635 1284 ·

275 1309 393 1346 non
449 1305 722 1363 quaeram
783 1293 1000 1341 extra
1058 1283 1118 1340 11
1166 1283 1282 1339 4.9.
1330 1282 1446 1338 Cic.
1491 1293 1658 1338 extra
1700 1298 1836 1336 esse.
1884 1278 2084 1346 Quint.
2128 1284 2296 1334 extra
2337 1283 2548 1350 petere,
2591 1291 2718 1329 sun.

275 1387 394 1426 tam
438 1368 840 1424 immature
882 1383 1160 1439 magnum
1201 1363 1498 1438 ingenium
1542 1363 1569 1416 I
1618 1362 1770 1417 122.

273 1446 829 1523 intempestive
871 1444 1148 1501 molestus
1188 1445 1215 1499 I
1261 1463 1343 1519 pr.
1390 1445 1445 1500 5.
1490 1441 1726 1516 intemp.
1771 1439 1936 1495 liber.
1971 1437 2134 1494 81188.
2172 1439 2284 1506 1.5;
2333 1436 2440 1492 int.
2484 1433 2723 1491 veniens

357 1529 448 1586 IX
493 1529 632 1586 5.10
675 1525 767 1583 uti
811 1525 927 1582 Cic.

277 1608 612 1666 infinito
652 1605 989 1663 antecedere
1029 1605 1121 1661 III
1163 1623 1248 1679 pr.
1296 1605 1350 1662 6.
1398 1602 1599 1670 Quint.
1644 1599 1872 1656 infinito
1913 1598 2065 1675 plus,
2107 1596 2236 1654 sim.

279 1689 630 1782 precario
691 1686 967 1743 memoria
1029 1683 1173 1741 mihi
1231 1693 1392 1760 paret
1450 1682 1479 1737 I
1537 1701 1622 1758 pr.
1675 1681 1731 1751 5,
1775 1698 1925 1756 pree.
1969 1679 2130 1735 movi
2171 1677 2230 1734 11
2273 1677 2390 1750 4.3,
2436 1675 2723 1752 (precaria

279 1779 592 1908 saliisgtgss
605 1767 798 1904 rIi112iel
817 1768 1089 1922 )potentia
1131 1843 1546 1918 constringitur
1590 1841 1709 1897 VH
1753 1842 1842 1900 8.1
1889 1859 1966 1896 ·..-..
2007 1838 2329 1911 utilissime,
2349 1831 2520 1894 raro.

281 1931 406 1986 vix
448 1946 825 2005 apparens
867 1925 1112 1982 cicatrix
1153 1924 1273 1981 VII
1317 1923 1473 1981 5.13.
1520 1922 1618 1998 (1)

1189 2160 1822 2230 ABUNDANTIA.

287 2396 500 2452 Itane
563 2393 672 2452 sic
733 2393 793 2450 X
855 2394 1008 2450 l.14.
1065 2392 1188 2449 sed
1229 2409 1473 2466 nempe
1515 2391 1573 2446 X
1617 2391 1774 2447 2.14.
1817 2389 2069 2446 deinde
2110 2389 2272 2446 inde
2313 2389 2399 2464 (Τ)
2444 2388 2562 2445 vll
2604 2389 2723 2445 3.9.

363 2476 452 2532 Cf.
498 2475 708 2550 Draeg.
751 2474 780 2530 I
826 2473 939 2530 127
983 2491 1107 2548 sqq.
1153 2483 1210 2528 et
1255 2473 1328 2528 H.
1375 2471 1615 2542 Becker,
1661 2469 1854 2527 studia
1893 2470 2222 2545 Apuleiana
2265 2471 2360 2526 41.

281 2575 554 2613 rursus
594 2554 938 2611 relabuntur
979 2554 1008 2610 I
1051 2573 1136 2629 pr.
1183 2555 1238 2610 7.
1281 2553 1681 2608 introrsus
1721 2551 1958 2608 retracti
1998 2550 2152 2607 oculi
2194 2549 2224 2605 1
2267 2550 2382 2607 62.

279 2644 585 2693 mutuas
645 2653 854 2692 manus
914 2634 976 2690 in
1033 2633 1280 2709 gratiam
1335 2633 1611 2707 porrigite
1653 2632 1682 2688 I
1729 2632 1851 2700 1.3;
1901 2630 2405 2706 quotidianum
2447 2629 2724 2686 diurnum

363 2717 420 2772 X
483 2717 640 2773 424.
701 2715 1040 2788 exiguum
1087 2713 1565 2790 paucissimorum
1623 2712 1848 2770 dierum
1891 2720 2122 2786 tempus
2165 2713 2192 2766 I
2236 2730 2320 2786 pr.
2366 2712 2460 2768 29.
2507 2721 2726 2767 extra

365 2798 586 2871 legem
629 2793 1258 2871 permissa.libertas
1300 2794 1358 2849 ΙΙ
1402 2813 1486 2870 pr.
1537 2797 1586 2849 1.

283 2876 731 2934 continuatio
789 2874 968 2932 studii
1027 2873 1334 2950 pertinacis
1392 2874 1421 2929 I
1479 2893 1564 2950 pr.
1630 2873 1721 2930 15.
1768 2891 1919 2930 mos
1961 2872 2252 2947 Hispanae
2293 2871 2726 2929 consuetudinis

371 2961 396 3013 1
466 2977 553 3033 pr.
622 2958 714 3015 16.
779 2975 853 3013 ex
914 2965 1130 3030 parte
1169 2955 1477 3029 aequitatis
1519 2952 1728 3030 pendet
1767 2953 1798 3009 Ι
1847 2955 1895 3010 1.
1961 2956 2055 3009 14.
2116 2952 2208 3009 Cf.
2259 2952 2413 3008 Dial.
2457 2953 2511 3009 d.
2556 2972 2640 3010 or.
2686 2954 2724 3008 4

365 3037 748 3114 patrocinium
809 3035 1202 3092 defendendae
1264 3034 1538 3110 poeticae,
1597 3042 1654 3090 et
1715 3033 1877 3090 81188.
1942 3034 1973 3089 I
2020 3053 2105 3109 pr.
2157 3034 2228 3090 16
2273 3033 2580 3090 lucubrare
2621 3051 2725 3110 per

364 3128 548 3176 totam
603 3127 848 3176 noctem.
909 3115 1001 3172 cll.
1066 3119 1158 3188 17,
1219 3117 1305 3190 (81
1351 3119 1380 3171 1
1428 3135 1514 3191 pr.
1560 3116 1596 3173 8
1639 3133 1876 3171 somnus
1916 3113 2273 3189 languorque
2313 3133 2382 3170 ac
2422 3132 2622 3171 somno
2665 3121 2724 3172 et

362 3199 638 3272 languore
679 3197 907 3273 turpior
948 3215 1072 3272 sqq.
1125 3206 1183 3254 et
1223 3197 1303 3253 ib.
1352 3197 1424 3251 14
1468 3195 1631 3252 silvis
1671 3195 2082 3270 montibusque
2123 3213 2258 3251 cum
2301 3213 2361 3250 se
2389 3194 2723 3267 tradiderat,

361 3279 421 3334 in
463 3278 626 3334 silvis
666 3297 734 3335 ac
775 3277 1074 3334 montibus
1107 3321 1120 3334 .
1153 3321 1166 3334 .
1200 3322 1213 3334 .
1257 3277 1657 3352 provocabat).
1703 3275 1800 3351 (2)

387 3522 892 3591 VERBORUM
941 3519 1560 3591 CONSTRUGTIO
1607 3519 1846 3588 MINU
1847 3519 1900 3588 S
1948 3518 2306 3599 SOLITA,
2355 3518 2630 3588 GRAE-

561 3635 874 3705 comm
920 3635 1595 3721 POETARUMQUE
1644 3634 1902 3705 Ustm
1943 3633 2437 3705 REFERENS.

1233 3866 1320 3923 IN
1323 3865 1460 3923 FIN
1464 3866 1640 3922 ITIV
1645 3820 1761 3923 Us.

276 4071 658 4121 contentus
719 4072 805 4120 est
865 4064 1186 4123 delenire
1245 4065 1546 4123 audientes
1608 4066 1694 4123 IX
1752 4086 1837 4142 pr.
1889 4070 1940 4139 1,
1985 4066 2060 4124 cf.
2108 4066 2308 4135 Quint.
2355 4068 2385 4123 I
2427 4068 2583 4124 5.l7.
2631 4067 2720 4124 III

363 4144 516 4200 122.
581 4142 834 4219 dignus
897 4144 1039 4202 tales
1101 4145 1358 4202 habere
1420 4146 1632 4204 liberos
1690 4147 1778 4203 IX
1842 4148 1953 4204 1.6.
2015 4148 2192 4221 Verg.
2253 4147 2413 4223 (Liv.
2456 4148 2720 4224 impera.)

358 4222 558 4290 Quint.
603 4233 736 4281 cett.
785 4224 874 4281 Cf.
919 4225 1127 4300 Draeg.
1174 4226 1232 4282 ΙΙ
1275 4226 1554 4284 319.361.
1598 4228 1668 4284 L.
1716 4226 1846 4284 Sen.
1892 4228 2140 4286 Phaedr.
2183 4229 2322 4286 442.
2367 4228 2465 4304 (3)

274 4302 589 4361 faciebat
631 4323 770 4360 aves
807 4303 1152 4362 advolare
1194 4306 1251 4362 X
1293 4308 1450 4365 527.
1495 4306 1670 4383 Verg.
1714 4308 1863 4364 Aen.
1908 4308 1968 4364 11
2011 4309 2147 4366 538.
2192 4307 2297 4384 (cf.
2341 4308 2450 4365 hoc
2486 4326 2720 4383 quoque

353 4383 625 4454 faciebat,
667 4395 737 4440 ut
777 4395 998 4442 amaret
1038 4386 1348 4443 sententias
1389 4387 1418 4443 I
1461 4406 1546 4463 pr.
1593 4388 1720 4461 22).

273 4463 416 4539 quid
459 4463 681 4521 habui
721 4464 963 4522 facere
1004 4466 1033 4522 I
1082 4468 1212 4523 1.19
1259 4466 1332 4523 cf.
1380 4466 1496 4524 Cic.
1539 4487 1630 4543 ap.
1663 4469 1871 4544 Draeg.
1902 4469 2038 4526 294.
2071 4469 2132 4544 (Ι
2165 4468 2297 4526 1.23
2325 4467 2473 4526 nihil
2501 4467 2718 4525 habent

353 4544 705 4621 implicitum
747 4545 930 4620 cum).

271 4625 537 4681 iurant
598 4625 710 4682 sibi
773 4626 1090 4683 credere
1151 4627 1210 4682 H
1268 4627 1424 4683 2.10.
1469 4627 1679 4703 Draeg.
1723 4629 1862 4696 307,
1905 4648 2054 4687 rar0.
2099 4628 2247 4686 Ibid.
2294 4628 2716 4704 promittunt

354 4704 502 4762 nihil
543 4705 817 4763 facturi
861 4705 1010 4782 (scil.
1055 4708 1257 4765 esse?
1302 4706 1377 4763 cf.
1423 4707 1693 4765 Kiihnast
1737 4709 1902 4786 Synt.
1945 4710 2076 4766 Liv.
2122 4710 2286 4782 268).

271 4783 809 4921 sibidimposuit
851 4806 1171 4863 numquam
1211 4786 1464 4863 amplius
1502 4788 1564 4843 in
1606 4788 1737 4846 foro
1779 4790 2014 4846 dicere
2060 4790 2175 4846 VII
2218 4809 2304 4865 pr.
2349 4792 2404 4847 7.
2449 4788 2720 4847 iubetis

355 4866 416 4921 in
458 4864 610 4923 icare
652 4866 680 4922 Ι
728 4869 841 4924 1.1.

271 4946 583 5018 memini,
642 4965 777 5004 cum
823 4946 984 5006 infin.
1043 4950 1364 5022 praesentis
1404 4948 1606 5006 notavi
1646 4948 1770 5007 fere
1811 4950 2112 5023 Kx-iens,
2156 4970 2290 5008 cum
2331 4950 2437 5007 inf.
2474 4952 2724 5024 perfecti

335 5026 556 5084 -eadem
597 5028 831 5084 notione
873 5028 900 5084 I
945 5048 1030 5103 pr.
1061 5030 1138 5085 24
1183 5029 1496 5086 Latronem
1525 5029 1870 5087 declamasse
1911 5031 2165 5089 memini.
2196 5031 2316 5087 VH
2356 5032 2491 5088 6.12
2515 5031 2718 5088 miser-

354 5106 572 5164 rimum
612 5126 705 5164 me
747 5108 897 5164 diem
942 5108 1139 5183 egisse.
1184 5109 1304 5166 VII
1346 5111 1504 5167 4.10.
1550 5109 1638 5166 IX
1681 5111 1838 5183 5,20‚
1885 5112 2040 5169 6.16.
2084 5111 2143 5167 X
2173 5132 2256 5187 pr.
2295 5112 2350 5169 8.
2384 5110 2476 5169 Cf.
2508 5111 2718 5186 Draeg.

356 5188 474 5245 365
519 5206 603 5263 sq.
647 5188 848 5263 ibique
890 5188 950 5245 11.
997 5188 1307 5247 Ciceronis.
1356 5190 1620 5266 Denique
1660 5190 1943 5247 memini
1971 5210 2104 5248 cum
2126 5193 2446 5267 participio
2475 5192 2534 5248 X
2564 5211 2649 5268 pr.
2684 5193 2718 5249 9

357 5286 526 5325 mem.
599 5286 731 5325 eum
803 5267 1198 5327 dicentem.
1271 5269 1411 5328 ibid.
1488 5272 1621 5329 1.13
1686 5290 1854 5328 mem.
1919 5271 2088 5329 illum
2151 5271 2720 5331 declamantem.

357 5348 616 5405 Huiusce
657 5360 852 5405 autem
896 5350 1341 5407 constructionis
1381 5352 1648 5428 exempla
1688 5350 1914 5409 frustra
1954 5353 2232 5427 quaesivi.

706 5574 1176 5633 GENETIVUS
1219 5574 1622 5635 GERUNDII
1665 5579 1770 5635 ΕΤ
1813 5578 2289 5637 GERUNDIVI.

437 5774 524 5831 De
564 5773 674 5831 hoc
714 5775 982 5850 genetivo
1023 5775 1316 5833 uberrime
1356 5778 1633 5835 tractavit
1674 5779 1732 5836 J.
1773 5779 1848 5836 K.
1883 5779 2073 5836 Witt
2102 5781 2332 5856 (Progr.
2366 5781 2466 5840 des
2492 5782 2721 5843 Friedr.

273 5872 468 5930 gymu.
533 5853 909 5913 Gumbinneu
974 5857 1181 5933 1873),
1245 5856 1344 5913 sed
1409 5868 1479 5915 ut
1539 5859 1794 5934 reliquos
1841 5860 2150 5935 scriptores
2189 5861 2432 5920 Latinos
2469 5862 2722 5939 optimos

390 6069 458 6125 (1)
479 6068 686 6137 ”Quum
719 6083 868 6139 supra
898 6070 960 6115 de
974 6069 1399 6139 praepositiopibus
1428 6070 1690 6141 disputans
1720 6074 2137 6141 praetermiserim
2167 6075 2393 6134 exempla
2422 6089 2482 6121 ex
2505 6076 2720 6125 Senecae

271 6126 554 6184 tragoedus.
598 6127 718 6174 haec
748 6133 1038 6174 etiamnunc
1069 6128 1413 6187 suppeditabo:
1460 6137 1641 6177 ctera
1673 6145 1843 6177 invem
1875 6130 1998 6179 Oed.
2033 6136 2117 6180 951
2153 6135 2278 6180 citra
2310 6140 2518 6193 patrem.
2551 6140 2721 6183 inter·

271 6184 484 6232 insolite:
517 6184 726 6233 phaedr.
764 6189 863 6241 104.
903 6189 998 6233 158.
1037 6187 1100 6233 H.
1131 6187 1242 6234 Oet.
1277 6191 1404 6235 1564.
1443 6191 1726 6247 1571.;1613.
1755 6192 1882 6236 1740.
1921 6192 2050 6239 1842.
2081 6194 2266 6239 intra
2309 6195 2498 6240 viscera
2530 6195 2718 6244 Phoen-

273 6244 492 6349 :gestaru
523 6260 602 6350 131
610 6260 774 6351 Bac-cus
820 6244 992 6293 eadem
1042 6246 1246 6293 licentia
1275 6260 1376 6305 qua
1407 6246 1922 6308 rhetoresusurpavit
1951 6251 2006 6296 in
2039 6256 2198 6311 tragg.
2231 6252 2474 6300 (JV-iem.
2506 6254 2573 6299 in
2604 6254 2721 6301 Ιιοσ

397 6386 467 6445 (2)
532 6385 615 6433 cf.
645 6386 744 6435 Or.
774 6385 938 6446 prid.
967 6402 1016 6447 q.
1036 6387 1071 6433 i.
1093 6402 1162 6433 ex
1179 6402 1214 6433 s.
1245 6388 1281 6434 i.
1313 6389 1340 6449 ξ
1369 6392 1388 6434 1
1420 6389 1589 6437 ardore
1602 6390 1828 6450 flammae
1857 6390 2090 6437 occidere.
2122 6390 2203 6439 Cf.
2231 6391 2377 6438 Lucr.
2409 6390 2540 6439 Ibid.
2570 6408 2718 6452 quem

273 6445 478 6491 virtutis
506 6445 665 6504 gloria
695 6460 800 6491 cum
828 6460 1010 6491 summa
1040 6445 1180 6493 laude
1209 6447 1276 6493 ad
1303 6448 1481 6494 caelum
1511 6449 1683 6507 malit,
1715 6450 1781 6497 cf.
1813 6450 1842 6511 ξ
1874 6452 1932 6497 29
1951 6450 2196 6497 victoriam
2215 6466 2317 6497 cum
2339 6452 2478 6498 laude
2499 6452 2721 6511 possidet

272 6505 607 6551 coniunctam.
634 6504 755 6551 ibid.
787 6504 1056 6552 liberorum
1087 6514 1348 6565 conceptam
1379 6508 1663 6555 dnlcedinem
1691 6509 1860 6555 animo
1891 6508 2116 6555 inclusam
2145 6509 2392 6556 continere.
2423 6512 2450 6571 ξ
2480 6516 2507 6557 9
2527 6527 2716 6557 musen-

271 6578 372 6608 sum
415 6564 753 6610 coniurationis
796 6564 1032 6609 exstinxi.
1076 6564 1199 6610 ibid.
1243 6566 1492 6625 quomodo
1535 6583 1635 6626 spes
1661 6568 1827 6614 solutis
1857 6568 2063 6627 reliquis
2092 6568 2345 6621 residebit,
2377 6584 2490 6616 cum
2520 6571 2718 6619 civibus

272 6622 528 6680 praeclusa
571 6623 640 6669 sit
680 6622 956 6680 exspectatio
1001 6622 1344 6671 incolumitatis.
1389 6626 1418 6686 §
1468 6628 1521 6672 13
1560 6627 1723 6673 fretus
1752 6626 2022 6673 innocentes
2053 6628 2218 6674 viv-tute
2253 6629 2339 6685 (cf.
2371 6630 2399 6675 9
2430 6629 2718 6678 innocentia

275 6682 473 6741 fretus),
505 6682 569 6728 cf.
601 6697 742 6728 mox:
783 6682 1023 6728 violentiae
1052 6682 1224 6741 impetu
1253 6685 1486 6743 opprimi.
1517 6685 1546 6745 ξ
1581 6690 1634 6731 14
1666 6687 2179 6747 conflata-conspiratio
2207 6693 2285 6735 est
2312 6690 2566 6736 restincta.

398 6764 472 6823 (3)
533 6762 825 6812 Declam.
859 6765 925 6811 in
957 6763 1121 6812 Sall.
1151 6764 1180 6825 ξ
1212 6768 1239 6809 9
1270 6766 1434 6813 minor
1463 6770 1540 6813 est
1574 6768 1670 6824 (res
1700 6768 2002 6827 familiaris),
2033 6783 2182 6827 qnam
2217 6770 2383 6817 haber-e
2411 6770 2580 6832 diqnm
2598 6786 2712 6819 sum.

2741 211 2816 272 17

2837 385 3229 462 pessimosque
3288 382 3561 439 adhibuit
3623 400 3802 457 paene
3850 398 4067 452 omnes,
4110 379 4195 435 ita
4234 387 4498 436 nostrum
4542 379 4944 454 praetermisit,
4989 380 5092 456 qui
5134 380 5291 438 hunc

2835 467 3172 542 genetivum
3233 463 3501 520 iunctum
3565 462 3741 520 habet
3796 461 4115 537 quinque
4158 458 4535 516 substantivis
4576 477 4725 534 quae
4765 479 4801 516 a
4844 459 5052 517 Wittio
5092 471 5291 520 notata

2837 567 2956 604 non
2998 558 3136 604 sunt
3184 544 3297 618 (l):

2838 627 3209 686 custodiae
3264 623 3583 682 servandae
3640 622 3985 698 integritatis
4026 621 4085 677 II
4128 621 4245 692 7.3‚
4290 620 4431 678 ibid.
4474 620 4536 676 in
4579 621 4897 678 necessaria
4937 621 5291 679 resalutandi

2922 729 2957 763 v
2978 708 3094 765 ice
3158 705 3344 762 multo
3402 706 3616 761 rubore
3680 703 3938 772 confusa,
4002 711 4060 758 et
4100 701 4159 757 X
4209 721 4295 778 pr.
4343 702 4376 757 6
4421 700 4735 758 iustissima
4793 701 5049 778 patiendi
5103 701 5287 760 vice.

2921 789 2981 845 11
3048 789 3177 845 121
3246 786 3345 842 dat·
3406 785 3515 842 tibi
3579 794 3828 842 notam
3890 781 4303 840 reconciliandi
4363 800 4499 838 suos
4562 781 4664 857 (Ξ
4720 780 5048 858 indicium).
5099 783 5130 838 1
5174 783 5288 842 6.3.

2920 869 3113 926 facere
3154 867 3267 924 sibi
3311 877 3568 923 sortem
3610 864 3904 922 nascendi.
3946 864 3977 920 Ι
4018 863 4115 921 5.5
4159 872 4589 919 tormentum
4631 861 4855 919 diutius
4882 862 5182 938 pereundi.
5210 895 5294 908 --

2921 948 3214 1006 Praetoria
3275 945 3475 1003 notavi
3538 945 3595 1002 X
3659 947 3749 1002 1.6
3812 944 4123 1002 accusandi
4168 943 4367 1000 divitis
4406 943 4678 1000 animos
4702 961 4961 1010 sumere.
5007 944 5038 999 Ι
5078 963 5163 1018 pr.
5214 944 5288 999 14

2921 1042 3081 1086 tanta
3148 1029 3231 1085 sic
3301 1024 3539 1083 vivendi
3610 1025 4004 1100 cupiditas.
4096 1024 4127 1079 I
4195 1023 4288 1080 3.1
4364 1023 4645 1099 pereundi
4712 1023 5119 1080 infelicitas
5188 1023 5289 1099 (de

2921 1109 3161 1167 muliere
3225 1126 3373 1182 quae
3431 1107 3503 1163 de
3564 1125 3710 1181 rupe
3767 1106 3986 1162 deiecta
4032 1124 4150 1163 non
4214 1102 4429 1183 periit).
4513 1105 4541 1160 1
4610 1105 4741 1162 1.16
4801 1103 5289 1162 ministerium

2925 1188 3247 1248 sustinendi
3303 1206 3526 1263 corpus.
3613 1186 3763 1243 VIII
3820 1187 3960 1243 4.10
4018 1183 4295 1242 audiendi
4351 1183 4890 1260 neglegentia·
4948 1186 5038 1242 De
5078 1183 5171 1242 his
5211 1185 5287 1242 cf.

2925 1265 3091 1326 Witt.
3154 1269 3211 1324 ll.

3089 1349 3325 1406 Subicio
3366 1349 3651 1405 ablativos
3691 1347 3959 1423 gerundii
4008 1366 4142 1404 cum
4200 1344 4608 1422 negatione
4666 1347 4962 1422 copulatos
5016 1346 5078 1403 in
5122 1347 5285 1402 Suas.

2929 1432 3061 1487 l.16
3107 1430 3369 1486 volebam
3442 1449 3545 1484 vos
3604 1429 3853 1504 experiri
3916 1447 4057 1484 non
4120 1426 4496 1484 adiciendo
4559 1426 4841 1484 iudicium
4902 1445 5097 1483 meum
5164 1445 5290 1483 nec

2924 1511 3317 1587 separa-ndo
3374 1531 3409 1565 a
3479 1509 3765 1585 corruptis
3830 1529 3984 1566 sana.
4052 1508 4194 1565 ibid.
4259 1510 4357 1564 2.5
4419 1526 4595 1583 quam
4657 1516 4825 1582 turpe
4882 1516 5030 1564 esset
5086 1506 5289 1582 fugere

2924 1592 3237 1662 indicastis,
3281 1592 3555 1662 Lacones,
3607 1590 3832 1647 tamdiu
3894 1608 4036 1645 non
4094 1588 4489 1664 fugiendo,
4596 1588 4853 1645 Similem
4896 1607 5069 1645 usum
5113 1585 5287 1644 semel

2924 1686 3152 1729 tantum
3196 1671 3395 1728 retulit
3438 1672 3645 1746 Draeg.
3691 1671 3747 1726 II
3792 1671 3908 1727 812
3954 1689 4027 1726 ex
4073 1669 4188 1726 Cic.
4237 1669 4358 1726 Cat.
4403 1668 4432 1724 Ι
4476 1669 4571 1726 30.

3816 1861 4303 1966 PARthIPIA.

3007 2127 3073 2183 In
3132 2125 3475 2183 adhibendis
3529 2125 3865 2201 participiis,
3925 2125 4324 2202 praesentibus
4364 2124 4666 2200 imprimis,
4723 2124 5114 2200 maximopere
5155 2124 5287 2180 rhe-

2842 2216 3001 2264 tores
3042 2207 3154 2264 sibi
3196 2206 3577 2274 indulserunt,
3624 2207 3684 2262 in
3726 2225 3843 2282 quo
3885 2207 4112 2282 partim,
4159 2205 4514 2263 Graecorum
4545 2224 4716 2262 usum
4746 2205 4974 2277 imitati,
5006 2204 5290 2281 speciosae

2843 2289 3119 2344 orationis
3177 2287 3549 2345 concinnitati
3609 2287 3919 2359 studuisse,
3980 2287 4187 2363 partim
4249 2287 4424 2344 etiam
4478 2286 4812 2343 auditorum
4854 2284 5290 2342 delectationem

2843 2369 3117 2444 aucupati
3146 2387 3267 2424 esse
3296 2368 3587 2439 videntur,
3620 2367 3998 2424 libentissime
4024 2377 4368 2442 usurpantes
4394 2367 4615 2423 formas
4651 2367 4711 2423 in
4757 2366 5022 2437 -antia,
5054 2366 5291 2424 -entia

2843 2449 3247 2506 terminantes:
3323 2448 3351 2504 I
3394 2469 3477 2524 pr.
3523 2451 3557 2505 5
3624 2468 3772 2524 quae
3833 2446 4338 2506 obversantia
4377 2447 4523 2504 mihi
4565 2456 4623 2504 et
4663 2467 4723 2505 se
4764 2447 5290 2518 ostendentia,

2843 2530 2923 2586 ib.
2971 2532 3006 2588 7
3050 2529 3244 2606 turpia
3286 2529 3471 2585 multo
3514 2529 3731 2586 honore
3772 2538 4135 2606 quaestuque
4194 2528 4531 2603 vigentia.
4616 2529 4645 2584 1
4687 2529 4785 2586 7.8
4834 2526 5098 2602 prodigia
5138 2526 5290 2585 inter

2845 2630 2906 2666 se
2960 2610 3329 2667 furentia.
3378 2610 3467 2667 Cf.
3532 2611 3694 2666 81188.
3752 2611 3868 2668 6.6.
3953 2611 4013 2666 11
4056 2609 4192 2667 3.15
4254 2609 4419 2685 quasi
4475 2610 4737 2666 membra
4776 2609 4838 2665 in
4896 2608 5290 2685 quaestionem

2844 2691 3326 2762 incurrentia,
3384 2691 3462 2748 ib.
3510 2692 3606 2747 5.4
3658 2691 4041 2747 instrumenta
4088 2690 4215 2766 ipso
4263 2690 4391 2746 visu
4432 2690 4655 2747 animos
4710 2689 5123 2763 frangentia
5182 2689 5285 2762 (cf.

2844 2772 3050 2848 Eurip.
3097 2771 3251 2830 Med.
3298 2773 3463 2848 264).
3551 2772 3641 2827 111
3674 2792 3762 2847 pr.
3795 2774 3830 2828 2
3874 2772 4069 2828 omnia
4108 2771 4307 2846 aliquo
4350 2770 4714 2846 petentia.
4800 2772 4921 2828 VII
4956 2771 5049 2826 1.4
5092 2769 5287 2826 omnia

2845 2853 3112 2928 procellis
3170 2852 3617 2909 saevientia.
3683 2852 3762 2909 ib.
3809 2854 3884 2910 27
3944 2851 4140 2909 omnia
4201 2851 4561 2909 canentia
4619 2852 4729 2909 sub
4789 2851 5080 2909 sideribus
5129 2859 5293 2906 muta

2845 2943 3028 2991 erant.
3072 2934 3213 2990 ibid.
3257 2934 3355 2990 4.8
3398 2933 3592 2990 omnia
3634 2933 3885 2990 excitata
3932 2943 3990 2988 et
4046 2932 4553 2989 fluctuantia.
4637 2932 4697 2989 X
4738 2952 4825 3008 pr.
4870 2933 4909 2988 4
4950 2931 5102 2987 inter
5160 2931 5290 2988 ob·

2843 3015 3139 3070 stantia
3197 3025 3463 3088 erumpat
3502 3013 3611 3070 vis.
3700 3013 3863 3071 Suae.
3927 3015 4017 3070 2.1
4082 3011 4459 3069 fallentia
4516 3031 4723 3069 cursus
4781 3012 4931 3070 vada
4986 3011 5293 3068 altioribus

2845 3096 2952 3169 (sc.
2999 3094 3165 3170 locis)
3210 3095 3516 3165 internata,
3558 3109 3665 3151 etc.

3010 3174 3481 3232 Substantive
3524 3175 3709 3250 posita
3750 3175 3823 3232 iis
3863 3193 4011 3249 quae
4054 3193 4231 3250 supra
4272 3173 4587 3230 memoravi
4631 3172 4771 3230 haec
4828 3172 5095 3231 addenda
5122 3181 5285 3228 sunt:

2843 3255 2872 3311 I
2916 3257 3014 3313 8.3
3074 3255 3431 3332 fatigante
3489 3255 3825 3312 felicitatem
3869 3255 4011 3330 quid
4053 3253 4354 3311 molestius
4394 3263 4496 3312 est.
4585 3255 4646 3310 II
4687 3255 4830 3311 5.lO
4872 3254 5103 3311 animus
5150 3271 5297 3310 non

2841 3335 3257 3394 reddentis.
3344 3334 3572 3393 IX.1.4
3618 3337 3791 3392 turba
3850 3333 4291 3392 dicent-ium.
4378 3333 4542 3392 81188.
4589 3336 4678 3391 2.1
4728 3345 4865 3392 vota
4920 3333 5290 3409 navigan-

2843 3417 3050 3474 tium.
3101 3417 3175 3474 al.
3220 3415 3346 3474 sim.

3007 3497 3191 3555 Porro
3218 3496 3425 3554 haecce
3454 3496 3721 3554 notanda:
3756 3497 3815 3553 II
3843 3498 3934 3554 1.4
3964 3497 4061 3554 odi
4089 3507 4311 3572 patrem
4340 3505 4428 3552 tot
4453 3496 4822 3553 eicientem
4853 3495 5210 3552 innocentes.
5232 3538 5245 3551 .
5271 3538 5283 3551 .

2843 3576 3081 3634 domum
3124 3577 3206 3634 lot
3246 3577 3629 3634 facientem
3671 3587 3952 3634 nocentes.
4036 3577 4129 3633 111
4156 3597 4241 3653 pr.
4292 3580 4321 3633 1
4368 3577 4579 3652 agnovi
4618 3577 4778 3634 viros
4816 3596 4950 3635 non
4991 3593 5285 3650 respon-

2843 3657 3090 3715 dentes
3147 3658 3336 3715 famae
3395 3678 3550 3729 suae,
3610 3657 3689 3716 cf.
3753 3657 3917 3716 Suae.
3963 3659 4101 3717 2.15
4159 3657 4354 3734 magni
4394 3656 4644 3715 nominis
4684 3668 4742 3715 et
4782 3656 5005 3715 nomini
5045 3675 5281 3732 respon-

2843 3738 3031 3796 dentis
3070 3738 3304 3814 ingenii.
3388 3738 3509 3795 VII
3553 3740 3643 3797 5.1
3694 3740 3829 3813 quis
3868 3740 4049 3797 ferret
4104 3746 4163 3796 te
4218 3748 4424 3795 testem
4481 3739 4543 3795 in
4599 3738 4794 3795 forum
4851 3737 5283 3795 venientem

2843 3819 2949 3893 (cf.
2996 3820 3026 3875 1
3066 3821 3162 3877 82
3223 3827 3281 3876 et
3340 3820 3399 3876 II
3441 3821 3539 3877 4.8
3596 3818 3772 3877 audio
3825 3829 3885 3877 te
3940 3819 4241 3878 dicentem.
4326 3820 4388 3876 II
4434 3821 4520 3876 1.1
4584 3828 4643 3875 et
4697 3821 4732 3877 7
4776 3818 4899 3875 vidi
4939 3818 5278 3893 fugientem.

2843 3899 2966 3956 vidi
3007 3899 3143 3957 deos
3184 3909 3484 3972 certanteS,
3530 3898 3683 3971 sim.)

3006 4223 3274 4300 Denique
3314 4233 3550 4300 propter
3590 4223 4005 4281 attributorum
4056 4234 4113 4281 et
4153 4224 4557 4281 definitionum
4598 4224 5050 4283 cumulationem
5092 4236 5150 4283 et
5188 4225 5279 4283 in-

2841 4303 3107 4361 tricatam
3185 4305 3500 4361 verborum
3572 4303 4023 4381 dispositionem,
4088 4304 4295 4363 Graeci
4357 4305 4636 4363 sermonis
4710 4304 4893 4382 magis
4970 4306 5285 4382 propriam,

2841 4384 3122 4441 notabilia
3162 4396 3333 4442 sunt:
5136 4443 5141 4447 .

3005 4466 3034 4522 I
3077 4466 3216 4522 220
3273 4466 3693 4523 adolescentem
3751 4465 4137 4523 misericordis
4192 4466 4394 4542 populi
4451 4466 4799 4524 beneficium
4854 4467 5110 4543 polluere
5150 4476 5279 4523 ten-

2840 4554 3078 4602 tantem.
3168 4545 3324 4603 Suo.
3410 4546 3469 4602 ΙΙ
3522 4550 3609 4604 1.1
3666 4547 3853 4604 omnis
3900 4546 4250 4604 blandientis
4297 4546 4569 4603 fortunae
4618 4546 4910 4623 speciosus
4951 4566 5086 4605 cum
5128 4546 5281 4623 peri-

2841 4625 2975 4682 culo
3043 4626 3225 4697 nitor3
3303 4625 3546 4683 ibidem:
3624 4627 3744 4683 vidi
3804 4627 4111 4684 ambitiosa
4172 4627 4345 4683 turba
4407 4625 4703 4684 clientium
4781 4627 4983 4683 limina
5058 4627 5283 4685 deserta

2840 4707 2951 4762 sub
3007 4705 3241 4763 domino
3296 4718 3514 4763 sectore
3569 4707 3817 4763 venalia.
3901 4708 4119 4765 LA-rno.
4204 4706 4263 4762 11
4323 4708 4418 4765 1.8
4479 4706 4634 4764 dicta
4693 4708 5091 4765 corruentium
5133 4708 5283 4764 inter

2841 4784 3075 4843 divitias
3116 4805 3251 4843 suas
3290 4787 3709 4862 exemplorum.
3792 4788 4037 4845 Fuscus,
4123 4788 4212 4843 ΠΙ
4256 4806 4341 4863 pr.
4416 4788 4450 4845 9
4520 4787 4583 4844 in
4644 4788 4901 4863 proclive
4962 4788 5283 4845 nitentibus

2838 4866 3127 4924 vehiculis
3182 4878 3505 4923 moraturas
3572 4887 3781 4924 manus
3834 4867 4015 4925 inicit.
4101 4868 4222 4925 VII
4281 4868 4417 4926 120
4459 4887 4593 4925 cum
4635 4868 5022 4943 descripsisset
5062 4868 5283 4943 ingenti

2839 4946 3048 5021 spiritu
3108 4948 3456 5004 titubantem
3513 4958 3571 5004 et
3624 4949 3777 5004 inter
3833 4949 4238 5024 cogitationem
4286 4948 4487 5005 fratris
4526 4948 4826 5006 occidendi
4866 4948 5281 5007 concidentem.

2841 5026 3090 5085 SENECA.
3178 5028 3296 5084 VII
3353 5030 3485 5084 211
3550 5028 3700 5085 dixit
3746 5048 3862 5086 non
3910 5048 4049 5087 suae
4096 5028 4453 5085 infirmitatis
4500 5029 4863 5087 sententiam.
4950 5027 5085 5086 8811.
5172 5028 5280 5103 (cf.

2839 5108 2900 5163 ΙΙ
2947 5107 3079 5165 1.37
3144 5108 3441 5165 sententiis
3500 5109 3575 5165 ad
3638 5109 3746 5166 hoc
3806 5108 4193 5166 tendentibus.
4277 5109 4336 5166 X
4391 5127 4476 5184 pr.
4544 5109 4617 5167 15
4682 5109 4997 5166 sententiae
5055 5107 5280 5184 aliquid

2837 5188 3142 5263 petentes).
3188 5189 3307 5245 VII
3350 5190 3445 5247 52
3491 5198 3719 5246 tantum
3759 5190 4083 5246 admissuro
4124 5188 4291 5247 nefas
4331 5188 4695 5246 obtendenda
4742 5209 4859 5247 nox
4901 5199 5003 5247 est.
5090 5188 5277 5246 Tant-

2841 5286 2993 5325 mus,
3055 5269 3145 5325 IX
3202 5271 3301 5326 4.4
3359 5288 3463 5345 per
3518 5269 3690 5327 modo
3746 5270 4047 5327 restitutae
4088 5269 4372 5327 libertatis
4413 5269 4708 5326 laetitiam.
4773 5270 5016 5327 Fuscus,
5064 5270 5135 5327 ib.
5182 5270 5279 5327 5.6

2839 5349 3141 5407 insectatio
3202 5349 3383 5425 patris
3442 5358 3563 5405 tam
3607 5350 3886 5425 patienter
3940 5369 4077 5407 suos
4138 5350 4448 5425 perdentis.
4535 5351 4669 5407 San.
4738 5350 4810 5407 ib.
4871 5351 4964 5407 62
5030 5349 5284 5408 naturali

2839 5430 3091 5505 quodam
3134 5429 3463 5505 deploratae
3504 5431 3713 5487 mentis
3752 5430 3967 5487 affectu
4007 5430 4390 5487 morientibus
4422 5429 4813 5507 gratissimum
4856 5440 4943 5487 ost
4986 5430 5280 5488 commori.

2841 5510 3103 5567 GALLUS.
3148 5510 3207 5565 X
3268 5510 3359 5567 1.6
3419 5511 3588 5568 cuius
3636 5510 3788 5567 inter
3827 5510 4212 5568 necessarium
4252 5510 4335 5567 ita
4377 5510 4690 5568 crudeliter
4730 5510 5063 5588 interempti
5105 5510 5285 5586 patris

2840 5589 3114 5647 dolorem.
3199 5590 3383 5648 LA‘rn.
3450 5591 3587 5649 ibid.
3648 5592 3910 5649 omnium
3979 5590 4312 5648 mortalium
4374 5592 4684 5649 miserrimi
4738 5591 4891 5650 inter
4938 5589 5283 5647 necessarias

2839 5689 3014 5747 super
3054 5670 3309 5728 occisum
3350 5682 3572 5746 patrem
3615 5672 3881 5729 lacrimas
3904 5716 3951 5729 ..
3980 5716 3992 5728 .
4026 5714 4040 5729 .
4078 5671 4365 5729 inertiam.
4453 5672 4635 5729 Lara.
4702 5672 4839 5730 ibid.
4885 5672 4940 5728 7.
5000 5688 5101 5747 per
5141 5670 5285 5727 baec

2839 5751 3160 5808 necessaria
3201 5752 3473 5809 omnibus
3514 5751 3977 5827 periclitantibus
4018 5752 4417 5810 instrumenta.
4502 5751 4687 5809 Ls‘rn.
4730 5751 4789 5808 X
4818 5752 4915 5808 4.4
4958 5770 4993 5808 o
5035 5760 5091 5808 te
5132 5751 5285 5807 inter

2840 5850 3039 5888 omnes
3082 5831 3298 5889 debiles
3340 5841 3474 5889 ante
3512 5832 3620 5889 hoc
3661 5832 3944 5890 iudicium
3984 5831 4403 5889 felicissimum.
4462 5832 4675 5889 Tama.
4723 5832 4886 5889 Suas.
4918 5831 5056 5889 2.12
5099 5830 5278 5889 affec-

2841 5924 2937 5969 tus
2991 5912 3319 5969 animorum
3377 5913 3595 5970 incerta
3648 5924 3800 5970 sorte
3858 5913 4251 5989 pendentium.
4340 5912 4474 5969 81111.
4544 5913 4681 5969 ibid.
4729 5912 4802 5968 13
4862 5912 5153 5969 calumnia
5206 5912 5283 5968 ab

2839 5990 3111 6049 omnibus
3172 5993 3395 6067 magnis
3441 5993 3689 6068 ingeniis
3728 5994 4162 6051 summovenda.
4230 5992 4367 6051 San.
4415 5993 4551 6050 ibid.
4599 5994 4693 6051 6.ss
4756 6011 5043 6050 annorum
5104 6011 5279 6049 num-

2839 6091 3017 6148 quam
3058 6074 3429 6130 observatum
3472 6073 3614 6131 viris
3654 6074 3911 6131 fortibus
3952 6093 4277 6133 numerum.
4361 6074 4537 6131 Fuso.
4583 6074 4721 6131 ibid.
4766 6074 4861 6130 72
4905 6084 5278 6149 provocatam

2839 6152 2992 6209 inter
3060 6152 3226 6209 initia
3292 6153 3714 6211 adulescentiae
3781 6154 4047 6212 libertate
4108 6153 4364 6211 tirocinii
4433 6154 4521 6209 tui
4592 6153 4891 6211 Sullanam
4943 6154 5278 6229 potentiam.

2841 6234 3099 6290 Gss‘rms.
3146 6234 3417 6307 (Similia,
3460 6234 3559 6291 sed
3606 6235 3925 6311 elegantius
3964 6236 4309 6312 plerumque
4350 6233 4642 6310 disposita,
4686 6233 5127 6305 habet'Livius,
5171 6252 5277 6307 eg.

2839 6313 3017 6371 21.52
3084 6313 3239 6371 Galli
3280 6315 3341 6370 in
3384 6314 3636 6372 duorum
3676 6316 4139 6392 praepotentium
4180 6315 4531 6392 populorum
4595 6315 4907 6372 certamine
4949 6334 5050 6391 per
5090 6314 5277 6371 ambi-

2834 6412 3017 6470 guum
3062 6392 3322 6451 favorem
3365 6395 3524 6452 haud
3592 6395 3769 6453 dubie
3807 6397 4053 6472 gratiam
4098 6396 4335 6453 victoris
4376 6404 4715 6472 spectantes.
4763 6391 4901 6453 ibid.
4936 6396 5012 6454 53
5054 6394 5279 6453 occasio

2836 6474 2897 6531 in
2956 6494 3017 6533 se
3056 6493 3241 6533 unum
3284 6476 3594 6533 vertendae
3632 6476 3866 6553 gloriae.
3926 6478 4000 6536 57
4046 6477 4267 6552 ingenti
4308 6474 4567 6553 periculo
4624 6495 4727 6553 per
4790 6475 5005 6533 effusos
5065 6475 5277 6551 passim

2954 6714 3025 6771 (1)
3091 6712 3206 6759 Non
3234 6713 3394 6771 magis
3424 6712 3594 6759 inveni
3626 6712 3679 6758 in
3709 6711 3799 6759 illo
3827 6710 3999 6759 libello
4030 6726 4089 6759 ex
4121 6711 4221 6760 Or.
4253 6725 4372 6771 pro
4405 6712 4458 6759 M
4476 6691 4602 6759 arc.
4634 6713 4663 6772 ξ
4694 6714 4752 6760 27
4784 6720 5003 6759 natm-om
5034 6711 5284 6769 &ploret-is

2832 6772 3159 6819 satietate
3204 6771 3489 6817 vivendi.
