5797 7330
299 445 530 504 tantum,
611 431 709 490 scd
785 429 1154 508 singulorum
1228 448 1462 506 quoque
1536 429 1836 488 rhetorum
1911 429 2244 508 disputandi
2321 438 2380 487 et
2453 429 2734 488 Latine

293 535 658 610 loquendi
705 534 854 593 ratio
902 535 965 592 in
1009 534 1101 591 his
1148 532 1491 608 fragmentis
1530 532 1702 590 nobis
1740 534 1817 590 ob
1858 533 2058 591 0011103
2097 533 2172 590 311
2215 533 2417 610 posita.
2511 533 2736 590 Idcirco

292 637 396 694 hac
458 637 630 695 etiam
694 637 758 695 in
825 656 890 696 re
947 636 1434 713 comparationem
1489 634 1791 693 instituere
1839 636 2004 693 nobis
2055 634 2251 728 1i09bit
2299 636 2451 693 inter
2498 635 2735 694 illorum

285 749 662 797 monumenta
736 759 840 816 per
917 739 1192 798 Senecam
1267 751 1498 796 servata
1572 749 1632 795 et
1701 737 2005 796 Tullianae
2071 739 2376 812 orationes,
2451 758 2598 816 quas
2662 758 2736 796 ex

281 843 586 900 rhetorum
641 841 852 900 scholis
899 841 1181 918 prodiisse
1228 840 1466 917 qnidam
1523 840 1845 918 perhibent.

441 944 690 1002 Etiamsi
766 953 961 1002 autem
1033 963 1108 1002 ex
1177 943 1512 1002 huiusmodi
1582 943 1982 1020 disquisitione
2049 943 2123 1001 ad
2191 945 2273 1002 M.
2325 944 2514 1002 Tullii
2561 963 2736 1022 opera

273 1049 642 1106 aestimanda
711 1067 919 1125 parum
983 1031 1226 1107 fortasse
1272 1059 1378 1105 aut
1420 1046 1568 1105 nihil
1621 1047 1774 1106 lucri
1827 1046 2130 1120 redundet,
2183 1047 2563 1106 nihilominus
2617 1066 2734 1106 non

274 1171 519 1228 prorsus
594 1151 804 1209 inutile
872 1170 1020 1228 opus
1083 1151 1157 1208 ad
1224 1149 1436 1214 Latini,
1485 1150 1766 1208 sermonis
1829 1149 2130 1208 historiam
2181 1150 2591 1208 enucleandam
2641 1169 2735 1208 me

265 1254 603 1331 suscepisse
653 1254 897 1312 confido.

441 1358 672 1416 Mirum
721 1377 856 1415 sane
904 1367 1190 1433 quantum
1236 1357 1465 1434 elegans
1511 1377 1579 1416 ac
1623 1377 1771 1434 pura
1815 1356 2120 1428 Latinitas,
2177 1375 2360 1432 quum
2391 1356 2491 1412 vix
2521 1356 2734 1413 summi

261 1461 524 1520 oratoris
595 1461 792 1537 lingua
857 1463 1247 1534 obmutuerat,
1312 1480 1450 1519 mox
1507 1461 1567 1517 in
1613 1461 1777 1536 peius
1821 1460 1980 1536 lapsa
2025 1460 2100 1516 sit
2140 1478 2243 1536 per
2285 1458 2560 1530 rhetores,
2611 1461 2732 1536 qui,

263 1564 594 1622 Livianam
655 1583 888 1640 qnoque
935 1563 1220 1622 rationem
1267 1563 1548 1620 sinceram
1597 1561 1906 1636 nervisque
1956 1560 2183 1638 plenam
2233 1561 2356 1618 sive
2401 1571 2734 1637 spernentes

261 1669 398 1725 sive
472 1668 707 1744 assequi
771 1686 831 1724 se
895 1686 1060 1744 posse
1114 1667 1494 1742 desperanteS,
1551 1665 1730 1721 nullis
1775 1683 1892 1721 non
1944 1662 2106 1720 vitiis
2153 1664 2474 1740 pedestrem
2522 1663 2731 1720 sensim

263 1791 608 1828 sermonem
681 1771 1153 1846 inquinaverunt.
1253 1770 1514 1825 Monstra
1585 1764 2006 1825 vocabulorum
2049 1785 2124 1824 ex
2180 1767 2401 1824 Graeco
2453 1767 2617 1824 fonte
2671 1766 2732 1823 111

261 1874 662 1931 vernaculum
720 1891 1042 1930 sermonem
1098 1873 1446 1928 invexerunt
1498 1871 1558 1944 (1
1572 1875 1624 1944 ):
1678 1861 1996 1945 poetarum,
2051 1870 2396 1927 Latinorum
2444 1868 2731 1940 videlicet,

263 1965 576 2034 licentiam
621 1976 682 2032 in
727 1976 1040 2032 verborum
1083 1993 1194 2032 usu
1233 1984 1291 2031 et
1333 1982 1630 2031 structura
1655 1972 1884 2029 assidue
1912 1974 2220 2030 consectati
2247 1983 2410 2030 sunt:
2449 1971 2732 2030 vocabula

263 2079 495 2155 partim
545 2079 734 2155 prisca
778 2087 835 2134 et
879 2077 1136 2134 obsoleta
1179 2074 1524 2147 effoderunt,
1572 2073 1782 2150 partim
1827 2093 1980 2130 nova
2023 2094 2054 2130 e
2097 2075 2286 2132 triviis
2313 2087 2370 2132 et
2396 2093 2428 2131 e
2455 2074 2731 2131 familiari

266 2201 549 2238 sermone
591 2181 1086 2258 deprompserunt,
1119 2180 1328 2256 partim
1361 2179 1598 2256 vulgata
1624 2187 1681 2235 et
1709 2177 1948 2254 antiqua
1975 2196 2043 2234 ea
2069 2179 2291 2235 ratione
2317 2178 2728 2250 adhibuerunt,

265 2295 340 2340 ut
405 2303 445 2339 a
519 2282 690 2340 solita
758 2301 958 2341 eorum
1007 2281 1422 2357 significatione
1464 2291 1522 2338 et
1565 2279 1988 2339 constructione
2035 2281 2366 2338 recederent
2412 2289 2469 2338 et
2517 2299 2730 2338 novam

275 2387 710 2443 substituerent
757 2387 942 2460 magis
988 2384 1354 2460 exquisitam,
1405 2395 1473 2440 ut
1513 2383 1600 2440 illi
1640 2383 2046 2459 opinabantur,
2088 2393 2264 2459 atque
2311 2385 2645 2459 elegantem.

453 2490 614 2546 Haec
655 2489 799 2546 vitia
847 2499 916 2546 ut
971 2489 1148 2564 probe
1199 2484 1577 2562 dispiciantur
1615 2495 1674 2542 et
1701 2494 1769 2540 ut
1795 2497 2171 2558 cognoscatur
2199 2505 2375 2561 quam
2405 2495 2630 2542 mature
2657 2484 2730 2541 iis

271 2593 574 2650 Latinitas
627 2591 986 2650 ‘'infuscata”
1030 2591 1126 2662 sit,
1169 2599 1237 2646 ut
1291 2589 1388 2646 isti
1443 2589 1849 2663 loquebantur,
1895 2607 2021 2645 eam
2071 2587 2249 2644 huius
2291 2586 2557 2663 opusculi
2609 2586 2726 2644 dis-

273 2695 630 2773 positionem
679 2694 1093 2752 instituendam
1139 2711 1260 2750 esse
1305 2692 1521 2764 censui,
1561 2709 1737 2766 quam
1785 2709 1942 2747 nunc
1999 2691 2198 2766 paucis
2245 2690 2586 2767 explanab0.

451 2801 618 2855 Dabo
693 2799 878 2866 verba,
940 2798 1316 2866 substantiva,
1383 2796 1688 2864 adiectiva,
1748 2795 2213 2867 praepositiones,
2277 2793 2608 2866 particulas
2670 2802 2727 2849 et

275 2903 622 2959 elocutiones
678 2901 956 2976 quasdam
1014 2911 1192 2974 atque
1252 2898 1712 2968 constructiones,
1774 2915 1922 2971 quae
1983 2895 2202 2952 rariora
2267 2895 2576 2952 videantur
2625 2907 2728 2952 aut

275 3002 538 3059 insolita.
623 3000 899 3058 Indicabo
968 3018 1252 3076 quaenam
1319 2997 1606 3056 vocabula
1657 3007 1762 3054 aut
1789 2989 1808 3006 '
1835 2997 2024 3054 solum
2082 2998 2238 3074 apud
2300 2998 2574 3056 Senecam
2623 3007 2728 3054 aut

277 3105 540 3180 primum
603 3104 894 3179 legantur:
962 3102 1170 3159 addam
1228 3102 1575 3178 scriptorum
1626 3098 1797 3171 locos,
1855 3109 2155 3176 poetarum
2206 3100 2560 3177 praesertim,
2610 3120 2726 3158 non

275 3208 457 3264 modo
523 3207 804 3283 priorum,
880 3225 1026 3281 quos
1082 3205 1341 3262 rhetores
1396 3203 1596 3275 secuti,
1665 3202 1765 3259 sed
1819 3203 1992 3259 etiam
2047 3203 2451 3280 posteriorum,
2509 3203 2725 3280 quibus

277 3310 550 3385 exemplo
611 3309 793 3366 fuisse
859 3308 1186 3378 videantur,
1235 3319 1298 3364 at
1351 3307 1458 3364 hos
1505 3325 1618 3364 non
1657 3307 1894 3383 quidem
1939 3325 2155 3378 omnes,
2213 3307 2312 3364 sed
2359 3306 2724 3382 potissimum

277 3413 797 3484 Quintiliani,
862 3411 1116 3468 auctoris
1184 3413 1409 3486 dialogi
1468 3413 1537 3469 de
1607 3412 1946 3472 Oratoribus
2007 3422 2065 3468 et
2140 3410 2210 3467 L.
2273 3411 2591 3467 Senecae
2661 3410 2722 3467 in

279 3519 595 3590 traqoediis
655 3521 808 3586 (nam
867 3516 938 3572 de
1016 3514 1274 3572 eiusdem
1340 3532 1454 3571 usu
1517 3515 1579 3570 in
1645 3515 1767 3573 rell.
1839 3535 1970 3590 opp.
2043 3513 2160 3589 egit
2225 3515 2299 3570 A.
2353 3513 2612 3588 Hoppe
2661 3512 2720 3570 in

277 3638 570 3695 program.
616 3639 668 3676 a.
719 3619 872 3677 1873
932 3627 990 3676 et
1042 3618 1226 3689 1877,
1269 3616 1342 3675 de
1395 3635 1512 3693 quo
1562 3617 1694 3675 vide
1747 3617 2104 3693 Draegeri
2153 3616 2392 3694 Syntax.
2443 3615 2502 3673 in
2539 3615 2718 3692 praef.

279 3741 336 3797 p.
406 3721 615 3777 XVIII
665 3721 752 3778 ed.
808 3721 962 3796 alt.).
1048 3723 1204 3779 Hinc
1252 3722 1428 3779 simul
1473 3724 1778 3799 apparebit
1821 3736 2172 3799 quantopere
2215 3724 2260 3779 ii
2303 3741 2554 3799 quoque,
2597 3723 2719 3799 qui,

278 3834 350 3879 ut
401 3824 799 3891 Quintilianus
853 3836 910 3880 et
965 3824 1214 3883 disertus
1261 3825 1360 3881 ille
1409 3825 1655 3900 scriptor
1697 3826 1937 3900 clialoqi,
1967 3826 2266 3901 antiquam
2294 3826 2719 3901 simplicitatem

277 3926 496 3981 imitari
546 3925 862 3998 studerent,
907 3926 1206 3985 rhetorum
1252 3927 1354 4003 qui
1399 3928 1836 3985 intercesserant
1876 3929 2196 3986 temeritate
2238 3940 2413 4005 atque
2459 3930 2722 3988 novitate

277 4030 352 4085 ab
403 4029 646 4105 antiquo
693 4028 922 4087 dicendi
969 4049 1176 4105 genere
1222 4031 1412 4107 abripi
1457 4050 1516 4088 se
1561 4032 1710 4107 passi
1755 4032 1888 4089 sint.

738 4206 1199 4265 RHETORUM
1245 4208 1574 4265 NOMINA
1619 4210 1761 4277 QUI
1807 4210 2258 4269 CITANTUR:

441 4360 505 4416 0.
781 4358 1024 4416 00311113.
1587 4362 1708 4418 Ι.Β.
1923 4362 2122 4419 Julius
2159 4362 2390 4419 Bassus·

439 4438 511 4497 G.
777 4440 996 4497 Junius
1038 4440 1248 4498 Gallio.
1587 4441 1770 4499 LAB.
1925 4442 2238 4499 Labienus.

441 4520 511 4576 L.
778 4520 1020 4577 Porcius
1063 4521 1256 4578 Latro.
1589 4522 1777 4579 MAC.
1927 4523 2234 4580 Macullus.

436 4600 583 4657 AR.
777 4600 1035 4657 Arellius
1075 4602 1315 4659 Fuscus.
1587 4602 1838 4660 MENT.
1925 4604 2142 4661 Mento.

437 4680 618 4737 ALB.
773 4681 1077 4739 Albucius.
1587 4683 1764 4739 MES.
1925 4684 2170 4741 Messala
2213 4682 2512 4741 Corvinus.

437 4760 622 4817 ARG.
773 4762 1173 4836 Argentarius.
1590 4763 1834 4820 MUSA.
1927 4764 2116 4821 Musa.

438 4840 663 4899 ASPR.
777 4844 1086 4917 Asprenas.
1587 4843 1748 4900 NIG.
1925 4843 2267 4901 Bruttedius
2309 4845 2507 4919 Niger.

439 4920 580 4977 B.B.
777 4922 1114 4979 Bruttedius
1159 4924 1396 4979 Brutus.
1587 4922 1750 4980 OSC.
1927 4924 2128 4981 Oscus.

438 5003 580 5059 CA.
776 5002 982 5061 Caesar
1025 5005 1348 5079 Augustus.
1585 5003 1813 5061 PAST.
1927 5004 2130 5061 Pastor
2173 5006 2396 5061 Aietus.

439 5082 568 5139 0.0.
777 5083 1108 5140 Cremutius
1151 5083 1390 5142 Cordus.
1585 5084 1764 5142 POL.
1925 5085 2166 5141 Asinius
2207 5085 2414 5143 Pollio.

439 5162 590 5219 CEN
599 5160 656 5218 S.
779 5163 1142 5220 Censorinus.
1583 5164 1806 5222 POST.
1923 5164 2276 5223 Postumius.

438 5242 583 5300 C.H.
775 5242 1075 5301 Cornelius
1120 5244 1427 5319 Hispanus.
1583 5245 1735 5302 RH.
1922 5246 2217 5303 Romanus
2259 5246 2462 5321 Hispo,

438 5322 534 5379 CO
546 5322 668 5380 RV.
778 5322 1017 5380 Corvus.
1587 5324 1714 5383 S.P.
1921 5324 2042 5384 Silo
2083 5326 2412 5403 PompeiuS.

439 5403 564 5460 C.S.
771 5402 1001 5460 Cassius
1043 5404 1308 5461 Severus.
1585 5406 1709 5462 TR.
1924 5406 2204 5463 Triarius.

433 5483 612 5540 ΕΑΒ.
774 5484 1042 5560 Papirius
1083 5484 1392 5543 Fabianus.
1585 5486 1772 5543 VAL.
1923 5486 2132 5543 Vallus
2179 5486 2467 5561 Syriacus.

433 5562 654 5622 FEST.
771 5564 996 5621 Festus.
1582 5566 1732 5622 V.G.
1920 5567 2136 5623 Varius
2185 5566 2481 5624 Geminus.

435 5643 563 5701 RS.
771 5644 1018 5701 Fulvius
1057 5644 1320 5719 Sparsus.
1583 5646 1740 5703 VIB.
1920 5647 2136 5703 Vibius
2178 5646 2402 5704 Gallus.

433 5724 622 5781 GAV.
771 5724 996 5781 Gavius
1040 5724 1308 5784 Sabinus.
1581 5726 1742 5783 VM.
1918 5728 2206 5784 Votienus
2247 5728 2578 5784 Montanus.

433 5804 632 5861 Verba
677 5824 745 5862 ac
791 5806 1041 5877 nomina,
1084 5806 1302 5881 quibus
1340 5806 1564 5864 litteras
1595 5807 1944 5863 maiuscula-s
1968 5827 2085 5863 non
2113 5807 2406 5882 adscripsi,
2437 5808 2713 5883 pleraque

269 5886 346 5941 ab
389 5884 514 5960 ipso
559 5884 822 5943 Seneca
859 5886 1138 5943 nonnulla
1177 5906 1212 5943 a
1255 5886 1751 5963 compluribus
1791 5888 2205 5945 rhetoribus
2249 5898 2528 5963 usurpata
2555 5898 2708 5945 sunt.

432 5966 725 6023 Asterisco
765 5967 965 6023 notavi
1009 5968 1185 6025 verba
1211 5968 1306 6025 vel
1335 5968 1649 6025 verborum
1678 5969 2135 6026 constructiones
2161 5977 2220 6025 et
2247 5967 2711 6043 significationes,

270 6064 419 6119 quae
460 6045 716 6102 rhetores
756 6046 928 6122 primi
971 6047 1030 6103 in
1075 6048 1395 6123 pedestrem
1438 6048 1755 6105 orationem
1799 6047 2090 6106 invexisse
2133 6049 2424 6106 videntur.

271 6353 351 6360 ..-—

391 6404 462 6461 (1)
528 6402 598 6449 Μ.
628 6402 870 6449 Sander
915 6404 964 6450 d.
1009 6405 1330 6466 Sprachgebr.
1375 6406 1424 6453 d.
1461 6408 1646 6455 Seneca
1686 6410 1798 6453 1877
1830 6408 2020 6454 Graeca
2047 6406 2248 6464 collegit
2279 6406 2476 6454 haecce:
2510 6420 2570 6453 ex
2602 6411 2711 6454 arte

269 6474 537 6522 rhetorica:
567 6475 720 6531 hexis,
744 6476 1109 6532 hermeneuma,
1141 6479 1438 6533 idiotismus.
1466 6481 1810 6541 metaphrasis,
1834 6481 2121 6537 tetracolon,
2143 6479 2390 6533 tricolum,
2413 6480 2709 6535 tetradeum,

269 6548 478 6606 schema,
510 6548 840 6609 anthyphora,
871 6551 1124 6609 cacozelia,
1145 6552 1488 6612 epiphonema,
1509 6554 1720 6613 phrasis,
1741 6551 2071 6609 soloecismus,
2091 6552 2274 6611 thema,
2304 6554 2480 6613 thesis3
2503 6553 2708 6613 reliqua:

267 6620 488 6681 thauma,
517 6622 800 6681 phantasia,
834 6621 1204 6681 hoplomaehus,
1235 6628 1588 6684 pantomimus,
1618 6626 1935 6686 psilothrum,
1968 6626 2124 6685 sipho,
2155 6626 2328 6675 tribas.
2350 6633 2553 6685 mattea,
2574 6626 2708 6685 echo,

265 6700 469 6748 artemo,
501 6696 956 6755 hendecasyllabus.
1009 6696 1110 6744 His
1139 6698 1267 6746 adde
1296 6702 1464 6747 etiam:
1500 6701 1994 6761 philosophumenon,
2025 6700 2050 6746 I
2085 6702 2204 6755 7-1'1',
2238 6701 2512 6760 phrenetici
2543 6700 2594 6747 X
2616 6704 2706 6757 5:1⁹„

269 6774 322 6815 et
352 6768 560 6828 pyxides
589 6768 730 6816 Suas.
763 6772 866 6825 214
896 6786 996 6830 quo
1027 6784 1146 6818 usus
1175 6778 1252 6819 est
1282 6772 1456 6821 Cicero
1487 6788 1576 6833 pro
1597 6775 1730 6822 Cael.
1755 6778 1828 6821 61.
1879 6773 2020 6821 Haec
2039 6772 2177 6819 infra
2197 6774 2418 6821 indicare
2441 6774 2708 6833 supersedi.

2744 255 2818 314 11

3817 426 4150 496 vassa
4226 428 4337 516 (1)

2853 642 3473 720 *adprehendere
3514 641 3789 718 frequens
3816 661 3921 718 pro
3950 640 4449 718 comprehendere,
4474 641 4748 717 consequi
4782 646 4809 697 1
4847 662 4933 717 pr.
4964 643 5021 714 4,
5053 643 5112 699 ΙΙ
5138 645 5299 716 1.12,

2934 725 3026 782 111
3068 743 3153 802 pr.
3200 725 3255 794 9,
3304 723 3424 780 VII
3474 743 3559 799 pr.
3606 725 3641 780 5
3692 723 3992 794 virtutem,
4036 722 4115 779 ib.
4168 723 4283 780 2.7.
4334 721 4495 780 81133.
4546 723 4642 779 6.8
4698 732 4958 779 mortem.

2851 803 3266 862 adstruere
3316 822 3422 880 pro
3476 802 3687 860 addere
3736 804 3766 859 Ι
3818 803 3971 874 1.13,
4018 821 4164 878 poet.
4211 813 4265 859 et
4312 802 4671 878 posteriores.
4998 804 5017 818 '

2851 904 3061 962 agere
3104 889 3282 956 (cum
3322 884 3606 959 aliquo)
3649 903 3753 961 pro
3796 902 4069 940 accusare
4116 884 4147 940 Ι
4196 884 4333 941 222
4386 883 4571 940 malae
4618 883 4994 954 tractationis,
5048 885 5293 956 113.16,

2932 967 3011 1023 ib.
3058 968 3193 1024 5.17
3259 983 3382 1041 sqq.
3426 965 3517 1022 111
3564 984 3647 1040 pr.
3706 965 3777 1022 17
3823 963 3992 1038 (ibid.
4060 963 4353 1040 postulare
4420 963 4679 1038 ingrati),
4731 964 4819 1020 IV
4875 983 4961 1040 pr.
5016 965 5069 1022 6.
5157 966 5293 1023 Vox

2933 1045 3247 1103 scolastica.
3322 1045 3411 1102 Cf.
3456 1064 3610 1102 unus
3656 1045 3734 1118 (?)
3790 1045 4081 1102 Ciceronis
4136 1045 4296 1102 locus
4342 1044 4415 1100 ad
4465 1045 4605 1102 fam.
4659 1044 4778 1101 VII
4831 1047 4924 1102 12.

2849 1145 3069 1202 agere
3110 1127 3367 1183 filium
3410 1126 3448 1182 i.
3480 1145 3527 1182 0.
3581 1126 3685 1182 filii
3736 1126 3861 1182 loco
3904 1143 4025 1182 esse
4070 1125 4129 1182 ΙΙ
4177 1126 4299 1182 1.5:
4370 1124 4609 1182 Tacitus
4650 1126 4840 1182 eadm
4870 1128 5162 1193 sententia,
5192 1125 5292 1183 sed

2936 1207 3133 1264 Cicero
3190 1206 3261 1263 de
3316 1207 3590 1264 simulata
3655 1206 3975 1263 imitatione
4038 1205 4111 1262 ad
4168 1205 4306 1262 fam.
4369 1206 4431 1260 11
4482 1206 4536 1262 9.
4611 1205 4700 1264 Cf.
4753 1217 4933 1264 contr.
4993 1207 5021 1262 I
5078 1207 5175 1264 52
5234 1217 5291 1263 01

2932 1287 3004 1344 L.
3050 1287 3296 1344 Senecae
3342 1289 3546 1363 Agam.
3597 1287 3712 1344 959
3756 1305 3924 1362 agere
3978 1285 4276 1343 feminam.
4322 1286 4469 1342 ΑΕ.

2850 1386 3071 1445 agere
3114 1367 3525 1424 attonitum
3566 1366 3721 1442 alqm
3766 1367 3853 1422 IX
3908 1367 3999 1422 l.3
4052 1377 4200 1442 poet.
4254 1366 4416 1423 VM.

2853 1451 2887 1484 ὓ
2959 1471 2987 1502 n
3116 1448 3643 1524 poenitentiam
3688 1446 3975 1522 perfidiae.
4024 1447 4185 1504 Suas.
4234 1449 4390 1504 6.11.
4480 1447 4629 1506 Ι)131.
4660 1447 4731 1504 (10
4768 1467 4851 1504 or.
4886 1447 4958 1505 15
5010 1449 5291 1506 sermonis

2933 1549 2985 1604 p.
3030 1548 3082 1585 a.
3130 1527 3277 1585 V.G.

2847 1609 3179 1666 adfulsit
3236 1609 3430 1665 animo
3486 1608 3735 1664 domus
3778 1627 3851 1664 =
3896 1607 4111 1682 placuit
4160 1607 4187 1664 1
4238 1608 4352 1665 6.5.
4438 1608 4569 1664 Val.
4614 1609 4772 1666 Max.
4821 1619 4878 1665 et
4926 1609 5282 1684 posteriores.

2931 1689 3138 1746 Livius
3186 1698 3243 1746 et
3287 1699 3487 1765 poetae
3528 1689 3599 1744 de
3646 1689 3983 1746 abstractis:
4028 1687 4285 1760 fortuna,
4334 1707 4477 1764 spes.
4529 1689 4655 1746 sim.
4702 1689 4821 1747 1.B.

2847 1772 3253 1842 adgravare
3294 1769 3745 1844 indignationem
3797 1769 3915 1825 VII
3960 1769 4057 1826 2.ss
4101 1767 4216 1825 Liv
4264 1783 4321 1826 et
4366 1781 4574 1844 poster.

2847 1851 3143 1908 adsilui
3199 1870 3275 1907 sc.
3322 1850 3397 1906 ad
3441 1850 3632 1906 studia
3670 1849 3726 1905 X
3776 1869 3860 1924 pr.
3914 1853 3963 1906 1.
4472 1881 4481 1896 ·

2849 1935 2963 1989 *ac
2979 1931 3339 1988 commoda
3382 1931 3524 1987 mihi
3568 1930 3971 2004 eloquentiam.
4018 1929 4182 1986 Suas.
4224 1931 4353 1987 7.2:
4402 1929 4685 2005 significat
4714 1930 4851 2001 h.l.,
4882 1930 5039 2006 quod
5070 1931 5282 2008 Zumpt

2926 2012 3000 2068 ad
3062 2013 3226 2069 Verr.
3288 2031 3340 2087 p.
3404 2013 3517 2070 785
3585 2011 3817 2086 negavit
3881 2030 4122 2085 usquam
4189 2010 4470 2067 inveniri:
4540 2031 4711 2068 usum
4782 2013 4866 2068 rei
4930 2012 5005 2068 ad
5054 2021 5282 2088 tempus

2927 2093 3252 2150 concedere.
3299 2092 3389 2149 cf.
3430 2091 3785 2148 commoda
3814 2091 3957 2147 mihi
3984 2110 4191 2148 manus
4213 2092 4241 2147 I
4270 2094 4408 2148 4.10
4432 2103 4489 2146 et
4511 2093 4627 2162 5.6‚
4655 2092 4711 2147 11
4739 2095 4828 2149 1.·2
4860 2104 4918 2149 et
4935 2093 5031 2149 32.
5058 2092 5275 2150 CEST.

2849 2174 3229 2231 *accadens
3286 2173 3531 2248 supplex
3576 2173 3837 2248 genibus.
3888 2171 4049 2228 Suas.
4099 2173 4191 2228 6.3
4251 2171 4309 2228 ll.
4360 2171 4700 2230 accades:
4774 2173 4963 2230 forma
5002 2173 5102 2230 ἅτ.
5147 2182 5274 2247 Azy.

2928 2264 3214 2330 quantum
3260 2253 3400 2310 vidi.

2848 2335 3193 2411 *alligare
3250 2335 3427 2408 vulgo
3486 2353 3587 2409 pro
3658 2333 3854 2403 ligare,
3916 2332 4151 2404 vincire,
4204 2332 4352 2405 sim.,
4396 2353 4511 2389 non
4557 2333 4745 2390 30111111
4792 2335 4949 2410 apud
4998 2346 5280 2408 nostrum,

2930 2416 2955 2472 I
3000 2417 3115 2485 4.9,
3163 2417 3277 2486 6.·2,
3322 2416 3414 2471 7.1
3463 2434 3607 2490 sqq.,
3652 2413 3741 2469 IX
3796 2415 3881 2469 1.1
3930 2433 4074 2488 sqq.,
4140 2415 4233 2472 5.6
4288 2433 4391 2488 sq„
4437 2413 4495 2470 X
4543 2415 4697 2485 1.l4,
4744 2415 4883 2472 5.10
4930 2426 4988 2472 et
5040 2419 5130 2488 18,
5182 2415 5281 2472 sed

2929 2496 3100 2553 etiam
3168 2496 3227 2553 111
3294 2495 3363 2551 L.
3432 2497 3677 2552 Senecae
3748 2506 3927 2568 tragg.
3978 2495 4083 2568 (H.
4150 2494 4270 2550 fur.
4334 2497 4470 2564 710,
4531 2497 4683 2553 1079
4724 2495 5043 2552 ’111ᾶο1111103
5082 2496 5282 2572 alligat

2926 2587 3103 2634 artae.
3192 2576 3329 2632 Tr0.
3401 2578 3535 2632 611.
3582 2574 3735 2631 Med.
3798 2577 3891 2632 98.
3966 2575 4107 2632 Oed.
4186 2576 4296 2632 182
4365 2573 4603 2650 ignavos
4670 2575 4871 2652 alligat
4913 2587 5094 2648 artus,
5141 2577 5277 2634 533.

2929 2657 3151 2734 Thyest
3206 2657 3337 2726 161,
3384 2657 3519 2715 972.
3566 2655 3640 2712 II.
3692 2655 3819 2712 Oet.
3878 2655 4079 2730 1413).
4126 2655 4214 2712 Cf.
4268 2655 4472 2723 Quint:
4524 2655 4583 2712 II
4630 2656 4827 2728 13.14‚
4880 2657 5012 2714 dial.
5054 2657 5125 2714 de
5176 2657 5278 2714 Or.

2936 2739 3023 2794 13.
3111 2736 3483 2812 Colligare
3547 2745 3728 2792 contr.
3782 2736 3901 2792 VII
3950 2756 4034 2811 pr.
4102 2740 4150 2806 1,
4197 2736 4521 2810 deligare
4564 2735 4653 2792 IX
4698 2739 4855 2808 2.10,
4906 2739 5067 2795 Suas.
5122 2738 5276 2795 6.19.

2847 2823 3211 2874 *arescere
3266 2818 3339 2872 ad
3382 2817 3761 2872 imitationem
3810 2816 3945 2872 3103.
4007 2817 4121 2872 VII
4180 2838 4263 2892 pr.
4316 2819 4369 2888 5,
4428 2817 4525 2874 fir.
4591 2826 4719 2892 ky.
4778 2817 4887 2875 hoc
4950 2838 5119 2875 sensu
5170 2818 5281 2874 nisi

2926 2897 3249 2955 audiendus
3277 2909 3363 2954 est
3394 2899 3453 2954 M
3486 2897 3587 2973 qui
3618 2897 3789 2952 habet
3833 2898 4211 2954 ardescere
4253 2907 4356 2953 aut
4384 2898 4788 2972 corrigendum
4830 2918 5279 2956 marcescere.

2847 2977 3344 3036 *Buccinavit
3390 2978 3506 3034 VII
3558 2998 3640 3052 pr.
3690 2979 3712 3032 l
3766 2976 4072 3054 imperson.
4119 2979 4338 3036 Varro:
4387 2979 4755 3036 buccinatum
4805 2990 4911 3036 est.
5212 2975 5223 2986 ⁵

2848 3057 3387 3117 *consummare
3436 3078 3509 3114 Ξ
3559 3058 3835 3114 conficere
3886 3059 4003 3114 VII
4051 3059 4184 3115 622
4218 3059 4551 3130 vindictam,
4584 3059 4642 3115 X
4673 3061 4767 3116 6.2
4798 3061 5073 3132 officium,
5118 3061 5284 3118 Suae.

2928 3142 3066 3198 7.10
3097 3139 3295 3198 vitam.
3343 3139 3410 3196 L.
3446 3139 3575 3196 Sen.
3611 3138 3881 3212 (semel?)
3912 3139 3988 3196 H.
4012 3138 4129 3196 fur.
4166 3140 4338 3197 1039.
4386 3139 4585 3208 Quint.
4617 3141 4645 3196 I
4684 3141 4831 3210 120,
4863 3140 4941 3198 111.
4978 3141 5094 3212 9.3,
5130 3141 5282 3213 10.5,

2926 3221 2984 3277 11
3030 3223 3124 3278 6.6
3180 3231 3237 3276 01
3286 3221 3460 3277 1529
3509 3219 3773 3277 01.19.1.
3820 3220 3909 3275 III
3958 3221 4055 3277 8.9
4110 3229 4217 3278 etc.
4265 3219 4470 3277 Livius
4522 3223 4591 3276 de
4641 3221 4938 3278 concretis.

2844 3300 3302 3358 *colluctari
3374 3319 3507 3358 cum
3577 3295 3797 3356 v‘iro‘I·
3850 3301 3947 3368 26,
4017 3299 4168 3372 Plin.
4245 3301 4323 3359 cf.
4388 3301 4784 3358 obluctari
4834 3303 4862 3357 I
4918 3303 5012 3358 4.1
5066 3303 5271 3378 Verg.;

2926 3382 3233 3439 eluctari
3296 3381 3709 3458 impedimenta
3756 3381 3814 3436 X
3864 3401 3950 3456 pr.
4002 3383 4035 3437 4
4096 3379 4230 3438 Liv.
4293 3383 4470 3440 2426
4522 3381 4917 3452 difficultates3
4981 3382 5280 3440 luctari

2924 3482 3058 3520 cum
3108 3461 3347 3519 materia
3394 3462 3512 3517 VII
3564 3462 3721 3518 5.13.
3766 3461 3919 3518 R.H.

2843 3543 3315 3601 *conversari
3355 3541 3467 3598 alci
3506 3543 3533 3598 I
3580 3543 3675 3598 2.9
3727 3553 3785 3597 01
3838 3543 3929 3611 15,
3968 3553 4175 3617 poster.
4226 3542 4315 3599 Cf.
4361 3542 4563 3610 Quint.
4616 3544 4646 3599 Ι
4695 3544 4785 3599 1.4
4818 3553 4874 3599 01
4903 3542 5037 3600 dial.
5069 3543 5139 3600 de
5170 3543 5271 3602 Or.

2924 3625 2958 3681 9
3004 3623 3485 3682 conversatio.
3530 3621 3698 3679 ASP.
3744 3630 3801 3679 et
3852 3621 3978 3681 S.P.

2840 3706 3377 3782 coinquinatus
3419 3703 3727 3761 homicidio
3778 3704 3805 3759 1
3850 3705 4006 3760 214.
4068 3705 4284 3761 Accius
4326 3724 4417 3780 ap.
4471 3703 4609 3776 Cic.,
4656 3704 4727 3763 L.
4776 3704 4907 3761 Sen.
4949 3704 5190 3762 LATR.

2839 3785 3241 3843 colludere
3284 3805 3333 3842 c.
3378 3784 3512 3859 alqo
3560 3804 3633 3839 :-
3682 3784 4008 3859 conspirare
4059 3785 4086 3840 1
4129 3786 4245 3855 5.8‚
4289 3784 4377 3840 IX
4424 3786 4557 3853 4.5;
4612 3804 4747 3861 per
4794 3784 5272 3842 collusionem

2922 3866 2981 3922 X
3022 3868 3180 3924 215.
3264 3864 3391 3922 Icti.
3433 3864 3523 3922 Cf.
3576 3864 3693 3921 Cic.
3753 3864 3812 3920 in
3863 3865 4031 3921 Verr.
4084 3864 4143 3919 ΙΙ
4194 3865 4271 3922 58
4316 3875 4375 3921 et
4425 3865 4513 3921 111
4562 3866 4659 3936 53,
4709 3866 4886 3941 Verg.
4938 3866 5081 3921 Hor.

2839 3948 3233 4005 convictus
3274 3946 3709 4002 divitiarum
3752 3944 3811 4001 II
3861 3946 3993 4002 1.17
4046 3955 4114 4001 111
4150 3945 4264 4002 010.
4317 3944 4388 4002 (10
4436 3946 4766 4002 abstractis:
4814 3946 5271 4018 inhumanitatis,

2922 4028 3190 4085 levitatis.

2839 4117 3305 4165 contrectare
3346 4105 3541 4164 studia
3584 4106 3701 4162 VII
3756 4108 3907 4179 121,
3960 4106 4015 4161 X
4060 4125 4145 4181 pr.
4201 4108 4227 4161 1
4285 4124 4357 4162 ex
4414 4106 4532 4164 Cic.
4576 4106 4646 4163 de
4692 4106 4793 4164 Or.
4846 4107 4934 4162 ΙΙΙ
4979 4109 5055 4163 24
5084 4116 5266 4164 contr.

2920 4189 3112 4247 studia
3157 4188 3567 4265 philosophiae.
5082 4262 5087 4267 ·

2838 4271 3259 4327 convestire
3300 4269 3510 4325 faciem
3551 4268 3612 4324 II
3662 4268 3757 4324 7.6
3810 4276 3978 4342 poet.,
4025 4276 4091 4322 ut
4146 4266 4261 4323 010.
4316 4265 4389 4322 ad
4442 4266 4511 4335 Q.
4566 4267 4641 4324 fr.
4691 4268 4849 4325 3.1.5
4896 4278 4951 4323 01
5004 4268 5073 4325 (10
5115 4268 5266 4325 (10111.

2925 4352 3066 4408 101:
3114 4349 3319 4407 domus
3366 4348 3686 4405 convestita
3740 4346 3969 4419 hedera,
4018 4346 4183 4405 lucis.
4228 4346 4298 4404 L.

2837 4431 3190 4489 commori
3230 4430 3409 4487 absol.
3458 4429 3545 4485 IX
3593 4429 3705 4485 62.
3794 4427 3926 4485 Liv.
3979 4428 4098 4503 epit
4147 4430 4181 4484 2
4227 4447 4359 4484 011111
4415 4428 4585 4503 alqo.,
4638 4428 4808 4500 Plin„
4844 4428 5041 4485 Plauti
5074 4449 5267 4487 ncom-

2918 4511 3253 4568 morientes’'
3304 4511 3849 4577 συνκποθνῆσκοντες.
3936 4508 4093 4565 VIB.
4758 4580 4761 4584 Ι

2837 4610 3283 4667 compescere
3326 4592 3615 4648 licentiam
3666 4590 3985 4647 carminum
4036 4589 4096 4645 II
4146 4590 4303 4660 2,12.
4392 4589 4563 4646 Ovid.
4613 4590 4756 4649 Hor.
4814 4602 5022 4666 poster.

2835 4672 3365 4729 *commordent
3422 4671 3581 4729 ferae
3652 4670 3783 4727 tela.
3847 4671 3935 4726 IX
3988 4670 4103 4741 62,
4166 4680 4389 4745 praeter
4438 4670 4595 4727 hunc
4642 4670 4835 4728 locum
4885 4670 5059 4727 semel
5112 4669 5267 4747 apud

2917 4752 2983 4809 L.
3032 4756 3161 4810 8011.
3210 4753 3349 4809 VIB
3448 4763 3459 4773 “

2834 4834 3303 4907 confingitur
3360 4832 3524 4908 virgo
3595 4832 3655 4888 in
3731 4848 3959 4887 omnem
4024 4842 4264 4888 motum.
4315 4832 4344 4886 1
4388 4832 4517 4901 2.5;
4573 4831 4698 4889 03(1.
4756 4852 4800 4889 s.
4854 4832 5059 4903 Varr0,
5110 4830 5264 4888 Plin.

2917 4914 3115 4981 Quint.
3170 4914 3307 4970 Alia
3346 4932 3390 4969 s.
3438 4913 3674 4989 priores.
3722 4912 3779 4969 S.
3826 4912 3892 4968 P.

2835 4996 3316 5052 *concurrere
3366 5014 3413 5049 0.
3464 4993 3705 5049 fortuna
3754 4992 3871 5048 VII
3902 4992 4058 5049 3.10.
4093 4991 4223 5049 Sen.
4252 4992 4327 5047 ad
4359 4991 4531 5049 Helv.
4564 4994 4597 5047 2
4631 5012 4678 5049 c.
4710 4991 4922 5061 dolore,
4954 5002 5102 5067 poet.
5137 4992 5265 5051 C.S.

2836 5076 3211 5131 *coartare
3268 5093 3341 5132 30
3392 5074 3510 5129 VII
3555 5074 3651 5129 3.9
3696 5093 3769 5129 -.-.
3807 5071 4112 5147 angustius
4160 5072 4474 5129 considere.
4522 5071 4611 5129 Cf.
4664 5071 4797 5130 dial.
4848 5073 4919 5129 de
4966 5072 5066 5131 Or.
5100 5073 5197 5131 39.

2835 5154 3388 5231 *concupiscere
3428 5154 3759 5211 rhetoribus
3799 5154 4078 5210 usitatum
4130 5172 4235 5229 pro
4280 5171 4566 5228 cupere.
4611 5154 4639 5209 I
4689 5173 4777 5229 pr.
4829 5155 4920 5225 15,
4967 5153 5025 5210 II
5072 5173 5159 5229 pr.
5207 5154 5265 5226 3,

2914 5237 2993 5293 ib.
3046 5238 3197 5307 128,
3241 5236 3329 5292 IX
3373 5236 3490 5306 32,
3536 5234 3591 5291 X
3639 5236 3768 5291 1.11
3825 5245 3882 5291 et
3933 5234 4025 5305 12,
4076 5232 4155 5291 ib.
4209 5233 4350 5291 2.13
4408 5243 4514 5291 etc.
4575 5234 4667 5292 Cf.
4725 5233 4859 5291 dial.
4919 5233 4992 5290 de
5046 5235 5149 5291 Or.
5208 5236 5265 5305 7,

2920 5319 3012 5388 11,
3090 5317 3181 5374 13.
3255 5316 3455 5384 Quint.
3530 5313 3705 5371 semel
3776 5314 3836 5370 in
3912 5313 3975 5372 ll.
4027 5314 4204 5385 I-III,
4262 5332 4549 5389 nusquam
4622 5315 4682 5371 in
4737 5316 4806 5372 L.
4867 5314 4997 5372 Sen.
5056 5326 5258 5391 tragg.;

2916 5416 3189 5472 cupere
3238 5405 3443 5472 quater
3496 5394 3696 5452 notavi
3752 5393 3812 5450 in
3860 5402 4075 5451 nostro.
4160 5393 4313 5450 Vide
4356 5414 4401 5451 s.
4434 5414 4489 5453 v.
4548 5394 4979 5453 desiderare.

2833 5477 3247 5535 condiscere
3292 5476 3375 5532 IX
3428 5496 3513 5552 pr.
3561 5477 3614 5531 4.
3664 5476 3781 5532 Cic.
3831 5476 3956 5531 bis?

2833 5558 3281 5615 confundere
3321 5555 3475 5631 alqm
3520 5555 3945 5632 suspicionibus
4002 5556 4089 5611 IX
4139 5556 4255 5612 5.9.
4304 5554 4467 5611 81133.
4521 5557 4687 5613 2.11:
4734 5566 4883 5632 poet.
4934 5555 5068 5612 Alio
5096 5574 5265 5613 sensu

2917 5637 3034 5694 Cic.
3085 5649 3141 5694 et-
3189 5636 3612 5712 quodammodo
3656 5636 3830 5693 etiam
3872 5635 4005 5693 Liv.
4053 5635 4229 5693 4542
4278 5654 4328 5693 c.
4371 5636 4595 5693 animos
4631 5636 4987 5694 audientum.
5032 5636 5100 5693 L.

2833 5719 3280 5775 contristare
3340 5718 3498 5793 alqm
3577 5717 3741 5774 Suae.
3800 5717 3956 5786 6.15,
4029 5727 4200 5791 poet.,
4262 5716 4332 5774 L.
4408 5716 4540 5774 Sen.
4602 5728 4660 5773 et
4733 5717 4883 5774 Cael.
4930 5717 4991 5773 in
5050 5734 5138 5792 ep.
5168 5716 5264 5773 'ad

2912 5798 3053 5857 fam.
3098 5799 3247 5855 VIII
3292 5800 3345 5855 9.

2831 5878 3081 5936 cedere
3135 5879 3247 5935 3101
3300 5878 3599 5953 optione
3646 5878 3672 5932 Ι
3717 5878 3834 5935 52.
3882 5876 4013 5934 Liv.
4074 5875 4305 5949 honore,
4355 5876 4551 5935 Sicilia
4592 5877 4721 5951 sim,
4764 5878 4881 5936 Cic.
4911 5876 5263 5953 possessione

2912 5961 3217 6017 bonorum.
3263 5958 3389 6016 Mil.
3435 5959 3531 6016 75.
3579 5956 3709 6015 8.Ρ.

2833 6040 3065 6097 *censi
3128 6059 3329 6097 sumus
3391 6057 3616 6114 semper
3680 6038 4070 6095 misericordia
4145 6037 4204 6093 X
4280 6038 4417 6095 5.13
4470 6058 4544 6095 ..τ
4605 6038 4745 6096 clari
4800 6038 5039 6095 fuimus
5128 6038 5257 6096 8011.

2912 6121 2973 6177 111
3014 6121 3183 6195 Epp„
3236 6120 3389 6177 Plin.
3448 6142 3473 6171 rt
3491 6118 3713 6175 vitibus
3763 6118 3995 6175 Chius.”
4054 6119 4229 6175 Mart.
4279 6117 4466 6176 Aliter
4511 6118 4646 6177 dial.
4692 6120 4763 6176 de
4810 6118 4913 6177 Or.
4961 6120 5057 6176 39.
5106 6118 5177 6177 G.

2979 6250 3032 6257 ...-

2947 6306 3015 6362 (1)
3078 6304 3217 6358 Quae
3259 6304 3594 6351 Sanderus
3636 6302 3789 6349 habet
3833 6303 3895 6349 de
3940 6302 4115 6357 verbis,
4162 6302 4449 6350 nominibus
4493 6308 4545 6349 et
4588 6302 4851 6362 particulis
4890 6304 5074 6361 partim
5118 6300 5261 6348 valde

2829 6364 2999 6409 ieiuna
3028 6377 3085 6409 ac
3116 6376 3273 6421 pauca
3304 6368 3421 6410 sunt
3450 6364 3635 6421 partim
3667 6363 3833 6408 minus
3862 6366 4015 6417 recta3
4048 6378 4135 6420 e.g:
4169 6361 4413 6408 lanciam-e
4442 6376 4542 6409 non
4564 6368 4639 6409 est
4659 6362 4873 6409 Senecae
4895 6361 4979 6407 sed
5000 6360 5262 6417 Gallionis,

2825 6422 3017 6481 pariter
3059 6420 3370 6481 sufflaminarc
3414 6428 3491 6467 est
3533 6422 3777 6481 Augusti:
3823 6422 4143 6471 mamm-dere.
4188 6421 4460 6473 exosculari,
4506 6420 4814 6477 reverberare,
4860 6420 5090 6475 ventilare,
5135 6419 5261 6464 intu-

2827 6495 3021 6527 mescere
3050 6486 3157 6537 010.,
3189 6486 3281 6527 etc.
3310 6494 3411 6527 non
3444 6486 3561 6527 sunt
3591 6480 3804 6527 Senecae
3833 6480 3851 6527 i
3888 6481 3991 6526 sius
4023 6479 4107 6527 sed
4137 6480 4389 6527 rhetorum
4423 6494 4635 6539 quorum
4666 6481 4869 6526 nomina
4898 6493 5047 6538 snpra
5066 6476 5257 6535 addidi;

2825 6546 3005 6599 reptare
3055 6544 3171 6587 ante
3216 6538 3452 6586 Senecam
3504 6545 3809 6599 usurparunt
3840 6494 4105 6586 finci-etin·
4136 6546 4187 6587 et
4220 6538 4489 6595 Horatius3
4520 6540 4707 6599 aliique
4738 6553 4927 6586 errores
4956 6544 5007 6585 et
5036 6538 5259 6584 omissio-

2825 6612 2917 6645 nes
2946 6602 3121 6657 sponte
3152 6598 3475 6657 apparebunt.
3518 6598 3727 6645 Plenius
3754 6598 3993 6644 tractavit
4057 6598 4264 6646 uaedam
4296 6612 4356 6644 ex
4389 6599 4603 6656 syntaxi,
4634 6612 4665 6644 a
4694 6598 4876 6658 quibus
4904 6612 4995 6655 ego
5024 6596 5261 6653 abstinui,

2825 6671 2939 6704 cum
2970 6658 3072 6704 alia
3101 6659 3314 6705 tractavi
3345 6672 3471 6717 quae
3502 6658 3587 6703 ille
3619 6658 3971 6717 praetermisit.
4082 6671 4390 6717 raegerus
4420 6658 4472 6703 in
4504 6657 4581 6704 ed.
4612 6657 4698 6705 alt.
4728 6657 4847 6705 libri
4878 6656 4940 6702 de
4970 6656 5114 6714 Synt.
5144 6656 5261 6701 hist.

2827 6716 2882 6763 1..
2908 6716 2965 6763 L.
3028 6717 3431 6823 Βοηὶοῗοὲιιω
3477 6717 3657 6764 citavit
3704 6730 3765 6763 ex
3816 6714 4023 6763 Sanderi
4074 6716 4258 6773 libello,
4304 6730 4519 6775 quocum
4564 6718 4721 6775 igitur
4749 6714 5005 6764 commoda
5036 6716 5261 6773 vitiaque

2824 6789 3107 6823 communia
3172 6790 3203 6822 a
