5797 7330
575 397 692 454 hoc
740 407 852 454 est:
900 394 1076 451 totius
1120 391 1454 450 Latinitatis
1499 403 1616 448 tam
1646 391 1892 448 similem
1921 408 2042 447 esse
2069 389 2338 460 colorem,
2369 399 2435 446 ut
2466 389 2725 446 dubitari
2753 398 3023 464 nequeat,

575 499 726 576 quin
771 499 1033 556 diversae
1081 507 1271 572 partes
1307 494 1506 551 eodem
1551 492 1686 550 stilo
1733 503 2002 550 exaratae
2049 492 2166 550 sint
2211 511 2426 550 omnes.

748 601 846 658 Ad
889 611 1206 675 utrumque
1253 609 1661 674 argumentum
1711 597 1910 674 paucis
1957 597 2333 673 respondebO.

747 702 897 759 Sane
944 700 1220 759 memoria
1261 699 1514 756 maxime
1545 699 1732 755 fretus
1759 717 1934 755 senex
1961 697 2308 774 opusculum
2337 717 2512 755 suum
2561 697 3023 774 componendum

577 817 928 883 susceperat.
1025 803 1135 861 Sed
1185 802 1290 860 hac
1339 802 1462 878 ipsa
1505 801 1722 876 ingenii
1769 801 2049 860 facultate
2105 813 2402 877 tantopere
2451 802 2708 872 florebat,
2778 819 3024 876 eamque

580 910 664 967 ita
708 916 1050 966 exercuerat
1094 907 1210 983 (1),
1263 914 1324 962 ut
1371 908 1429 962 in
1467 906 1806 962 miraculum
1847 922 2022 980 usque
2053 905 2402 979 procederet.-
2449 925 2580 963 nam
2620 916 2672 963 et
2715 907 2828 963 duo
2856 908 3021 965 milia

580 1012 866 1070 nominum
915 1010 1160 1067 recitata
1203 1027 1313 1083 quo
1350 1016 1514 1065 erant
1543 1007 1741 1065 ordine
1763 1008 1925 1064 dicta
1954 1007 2284 1065 reddebam.
2333 1051 2344 1064 .
2393 1053 2405 1065 .
2450 1017 2501 1065 et
2545 1011 2799 1084 singulos
2828 1027 3023 1068 versus

579 1135 619 1172 a
660 1116 906 1190 sinqulis
953 1114 1138 1183 datos,
1193 1131 1316 1169 cum
1359 1111 1554 1186 plures
1584 1130 1754 1186 quam
1781 1112 2014 1168 ducenti
2039 1111 2396 1184 efficerentur,
2419 1111 2490 1168 ab
2519 1113 2718 1170 ultimo
2743 1114 3023 1188 incipiens

577 1235 754 1293 usque
795 1217 876 1274 ad
915 1217 1168 1291 primum
1213 1214 1540 1272 recitabam.
1592 1215 1622 1270 I
1665 1213 1848 1289 praef.
1894 1214 1951 1271 2.
2025 1213 2284 1270 Eandem
2335 1217 2629 1272 memoriae
2656 1218 3022 1291 felicitatem,

581 1339 760 1396 quam
808 1327 995 1388 vocat,
1038 1335 1190 1393 quae
1235 1317 1409 1374 etiam
1445 1334 1601 1373 nunc
1639 1316 1700 1373 in
1729 1315 2080 1391 quibusdam
2109 1316 2453 1374 mortalibus
2489 1337 2608 1374 non
2637 1317 2846 1390 deficit,
2877 1337 3025 1394 quos

581 1440 805 1497 aequus
867 1419 1102 1495 Jupiter
1159 1419 1395 1490 amavit,
1471 1417 1655 1475 fuisse
1717 1419 1968 1476 affirmat
2025 1419 2086 1474 in
2151 1420 2430 1477 LATRONE
2492 1421 2784 1496 magistro,
2829 1424 2915 1479 ita
2958 1431 3025 1480 ut

581 1545 765 1584 omnes
814 1525 1252 1584 declamationes
1295 1541 1432 1581 suas
1477 1541 1856 1598 quascumque
1903 1523 2042 1598 (leg.
2101 1543 2284 1598 quas
2333 1525 2732 1600 umquam?)
2773 1525 3022 1597 dixerat,

581 1639 784 1688 teneret
827 1629 996 1685 etiam
1042 1625 1072 1706 §
1124 1627 1216 1684 18.
1277 1625 1420 1683 Item
1463 1624 1524 1682 in
1569 1625 1778 1682 GALLO
1821 1625 2018 1697 Vtsxo,
2066 1625 2260 1683 Contr.
2293 1627 2351 1682 ΙΙ
2387 1629 2539 1698 1.26,
2571 1627 2675 1702 qui
2703 1638 3023 1686 controver-

585 1733 732 1790 siam
784 1739 1013 1805 postero
1081 1729 1174 1786 die
1236 1747 1406 1803 quam
1443 1736 1566 1784 erat
1608 1747 1644 1783 a
1687 1727 1955 1784 Fabiano
1999 1727 2160 1784 dicta
2202 1729 2560 1800 declamavit,
2607 1741 2666 1786 et
2707 1731 2767 1787 in
2819 1731 3025 1788 Cassxo

589 1833 836 1904 Savum,
875 1831 935 1888 X
977 1829 1158 1906 praef.
1203 1830 1257 1901 8,
1290 1828 1393 1905 qui
1424 1831 1525 1886 illo
1554 1839 1792 1904 tempore
1820 1849 1930 1905 quo
1960 1830 2105 1886 libro
2135 1830 2382 1888 Labieni
2415 1851 2484 1890 ex
2511 1844 2741 1892 senatus
2769 1836 3025 1892 consulto

582 1935 1071 1994 comburebantur:
1117 1952 1267 1990 nunc
1315 1950 1414 2005 me,
1463 1934 1670 2008 inquit,
1713 1935 1902 1989 vivum
1942 1935 2039 1990 uri
2080 1943 2294 2008 oportet
2341 1937 2445 2010 qui
2491 1937 2624 1992 illos
2662 1937 2891 1994 edidici.

748 2037 946 2105 Quum
1015 2036 1196 2112 igitur
1258 2038 1557 2112 probabile
1621 2037 1714 2108 sit,
1781 2056 1914 2094 eum
1980 2056 2097 2095 non
2152 2047 2381 2096 tant-um
2430 2040 2596 2115 quasi
2643 2041 3026 2098 summarium

584 2161 802 2214 eorum,
879 2160 1028 2217 quae
1102 2140 1361 2216 magistri
1429 2142 1885 2218 disputaverant,
1962 2143 2240 2199 memoria
2307 2141 2628 2211 retinuisse,
2701 2142 2800 2198 sed
2875 2142 3029 2218 ipsas

581 2246 892 2304 sententias
949 2245 1198 2322 propriis
1250 2245 1446 2302 verbis
1502 2243 1771 2315 inclusae,
1821 2245 2058 2316 accedit,
2107 2245 2263 2320 quod
2314 2243 2374 2300 id
2419 2263 2480 2302 se
2521 2244 2695 2300 etiam
2737 2245 3027 2302 studuisse

582 2349 831 2405 affirmat
878 2347 940 2404 in
1000 2347 1196 2404 Contr.
1247 2347 1276 2403 I
1320 2345 1498 2422 praef.
1555 2347 1656 2402 10:
1711 2348 2020 2402 sententias
2061 2367 2098 2403 a
2142 2348 2537 2405 disertissimis
2587 2349 2730 2404 viris
2773 2350 3027 2406 iactatas

570 2452 762 2525 facile
807 2451 866 2505 in
910 2457 1074 2505 tanta
1118 2449 1398 2504 hominum
1440 2448 1666 2506 desidia
1701 2467 1813 2522 pro
1851 2450 1972 2506 suis
2015 2449 2215 2506 dicunt
2252 2494 2264 2507 .
2313 2493 2326 2508 .
2374 2470 2416 2520 .;
2467 2469 2527 2507 eo
2568 2451 2832 2508 libentius
2875 2452 3028 2526 quod

583 2552 816 2625 eatiqitis
858 2550 1078 2620 faciam
1119 2557 1170 2606 et
1216 2567 1576 2625 quaecunque
1615 2569 1653 2605 a
1699 2551 2068 2608 celeberrimis
2106 2553 2250 2609 viris
2276 2554 2541 2627 facunde
2568 2554 2730 2610 dicta
2759 2563 2929 2627 tene0,
2960 2573 3027 2612 ne

585 2655 667 2712 ad
693 2672 1024 2730 quemquam
1043 2655 1321 2727 privatim
1333 2653 1660 2726 pertineant
1685 2652 1824 2728 (leg.
1839 2655 2261 2726 perveniant
2281 2657 2340 2730 ?)
2355 2658 2570 2731 populo
2601 2657 2874 2714 dedicabo
2896 2700 2910 2715 .
2944 2699 2957 2714 .
2992 2701 3026 2729 .,

593 2775 806 2816 summa
851 2774 973 2813 cum
999 2756 1124 2828 fide
1171 2773 1334 2812 suum
1373 2756 1574 2830 cuique
1612 2755 1866 2811 reddam.
2292 2735 2302 2744 ⁴

737 2857 808 2913 In
856 2855 1056 2913 eadem
1103 2874 1241 2912 vero
1292 2855 1654 2931 paragrapho
1711 2875 1825 2912 non
1870 2856 2188 2914 omittenda
2232 2869 2368 2916 sunt
2425 2861 2564 2917 haec
2605 2861 2814 2918 verba:
2865 2863 3026 2936 Ipsis

576 2983 794 3042 quoque
834 2965 1071 3021 multum
1115 2972 1516 3038 praestaturus
1559 2964 1769 3034 videor,
1814 2964 2018 3038 quibus
2069 2965 2276 3021 oblivio
2327 2965 2588 3034 imminet,
2639 2964 2760 3021 nisi
2795 2965 3029 3040 aliquid

576 3088 687 3144 quo
727 3069 992 3124 memoria
1033 3083 1222 3122 eorum
1255 3067 1618 3138 producatur
1645 3068 1892 3141 posteris
1923 3068 2218 3124 tradatur:
2251 3069 2306 3142 s
2309 3085 2414 3124 ere
2455 3069 2634 3124 enim
2676 3077 2796 3124 aut
2839 3069 3030 3124 nulli

581 3168 1077 3228 commentarii
1131 3168 1588 3223 maximorum
1649 3168 2230 3252 declamator-‘um
2293 3179 2585 3226 exstant
2649 3179 2801 3243 aut,
2843 3171 3028 3244 quod

577 3273 791 3348 peius
833 3281 972 3341 est,
1017 3273 1072 3345 s
1075 3270 1189 3326 als
1209 3270 1244 3325 i.
1331 3269 1563 3326 Efficias
1607 3287 1680 3325 ex
1723 3268 1813 3325 his
1862 3269 2025 3326 nulla
2078 3278 2182 3326 aut
2225 3288 2404 3345 paene
2445 3270 2608 3327 nulla
2653 3281 3028 3327 monumenta

582 3373 849 3450 scriptori
915 3383 1142 3448 praesto
1195 3370 1395 3442 fuisse,
1442 3368 1677 3446 quibus,
1735 3371 1961 3428 etiamsi
2009 3370 2304 3444 voluisset,
2347 3383 2780 3430 evanescentem
2830 3391 3027 3429 rerum

586 3475 921 3533 memoriam
969 3473 1245 3531 refricare
1293 3474 1591 3550 potuisset.
1676 3475 1951 3531 Attamen
2011 3475 2122 3532 ista
2170 3478 2349 3533 verba
2389 3496 2505 3534 non
2550 3477 2722 3534 nimis
2769 3476 3028 3554 urgenda

585 3591 742 3652 sunt,
785 3579 1084 3655 magisque
1128 3598 1202 3635 ex
1253 3597 1458 3635 causae
1503 3579 1838 3636 necessitate
1883 3599 2058 3654 quam
2101 3599 2174 3636 ex
2216 3580 2459 3637 veritate
2483 3580 2707 3638 adiecta
2735 3581 3025 3638 videntur.

587 3685 686 3742 Ab
751 3683 874 3760 ipso
937 3682 1089 3739 enim
1139 3682 1395 3739 citantur
1437 3681 1747 3757 aliquoties
1797 3681 1856 3739 in
1911 3682 2192 3759 opusculo
2234 3683 2536 3755 orationes,
2587 3683 3029 3741 declamationes

588 3788 820 3863 aliaque
903 3786 1248 3844 documenta
1326 3784 1532 3841 litteris
1618 3785 1866 3861 prodita,
1951 3804 2200 3861 quarum
2274 3787 2392 3862 ipse
2462 3785 2668 3843 habuit
2741 3787 3025 3844 notitiam.

593 3891 788 3949 Contr.
850 3889 940 3946 111
1005 3888 1186 3964 praef.
1252 3888 1288 3945 3
1349 3888 1420 3946 de
1466 3888 1810 3946 GALLlons:
1875 3909 1988 3947 non
2053 3899 2135 3947 est
2189 3890 2341 3965 quod
2387 3891 2548 3945 illum
2597 3908 2666 3945 ex
2711 3890 2801 3947 his
2849 3907 3030 3965 quae

588 3992 819 4052 edidit
863 3991 1187 4062 aestimetis,
1231 4000 1360 4048 sunt
1405 3992 1629 4066 quidem
1657 4001 1708 4048 et
1736 3992 1874 4049 haec
1901 3992 2106 4068 quibus
2134 3994 2452 4067 eloquentia
2479 3994 2599 4049 eius
2629 3991 3028 4067 (aqnoscatur,

589 4096 826 4152 auditus
877 4093 1097 4169 tamen)
1149 4094 1310 4168 lonqe
1349 4096 1535 4151 maior
1581 4104 1703 4151 erat
1754 4115 1925 4170 quam
1975 4096 2150 4153 lectus
2200 4114 2250 4154 e.
2273 4117 2327 4172 q.
2352 4115 2397 4153 s.
2429 4097 2546 4171 (2).
2591 4096 2740 4152 Ibid.
2775 4093 2805 4174 ξ
2843 4097 2915 4152 15
2960 4095 3031 4152 de

593 4198 831 4256 Cssrm:
895 4198 1065 4255 huius
1121 4198 1268 4253 enim
1329 4197 1769 4255 declamationes
1837 4198 2201 4270 ediscunt,
2267 4199 2429 4255 illius
2495 4198 2864 4274 (Ciceronis)
2918 4218 3030 4255 non

592 4304 800 4377 lequnt,
842 4301 966 4357 nisi
1003 4318 1100 4357 eas
1141 4299 1344 4375 quibus
1392 4299 1613 4358 Cestius
1655 4302 1969 4375 rescripsit.
2013 4301 2102 4357 IV
2145 4300 2326 4376 praef.
2377 4302 2449 4357 2:
2505 4300 2731 4358 l‘onmo
2781 4302 3034 4358 Asmms

583 4408 810 4481 primus
864 4406 1106 4461 omnium
1151 4404 1532 4461 Romanorum
1573 4404 1872 4461 advocatis
1901 4403 2220 4461 hominibus
2263 4406 2535 4479 scripta
2586 4422 2711 4461 sua
2749 4404 3028 4460 recitavit.

590 4509 682 4566 IX
732 4510 786 4579 6,
837 4508 947 4565 18:
1013 4507 1345 4564 Monrsuus
1404 4506 1728 4577 Vo‘rmrmS,
1791 4505 2168 4563 Mancsnsun
2228 4504 2519 4562 Mancmu
2563 4506 2804 4561 amicum
2847 4522 3029 4575 suum,

593 4612 759 4669 cuius
807 4612 1142 4685 frequenter
1207 4609 1532 4666 mentionem
1601 4610 1660 4665 in
1712 4610 1870 4665 scri
1867 4610 2025 4683 ptis
2075 4610 2228 4665 suis
2256 4608 2420 4682 facit
2469 4615 2742 4682 tanquam
2789 4606 3031 4664 hominis

593 4714 814 4785 diserti,
858 4712 1047 4770 aiebat
1103 4712 1189 4789 (h.
1221 4730 1269 4769 e.
1323 4710 1640 4787 scribebat)
1684 4712 1833 4768 lianc
1875 4712 2094 4769 dixisse
2135 4712 2484 4768 sententiam.
2526 4708 2584 4765 X
2626 4708 2808 4784 praef.
2847 4710 2915 4766 3:
2962 4708 3034 4766 de

597 4815 830 4873 Scsuno
888 4817 1173 4873 orationes
1215 4823 1416 4889 septem
1465 4814 1748 4885 edidit,
1791 4832 1936 4889 quae
1978 4814 2181 4871 deinde
2228 4832 2296 4870 ex
2335 4812 2472 4871 Scto
2513 4810 2829 4869 combustae
2873 4820 3029 4868 sunt:

596 4919 726 4977 bene
786 4938 910 4976 cum
971 4920 1073 4976 illo
1133 4919 1284 4992 iynis
1352 4926 1557 4991 eqerat,
1617 4918 1716 4975 sed
1763 4926 2051 4975 exstant
2097 4919 2353 4975 libelli
2391 4917 2494 4991 qui
2535 4935 2658 4973 cum
2691 4919 2868 4992 sama
2916 4918 3036 4973 eius

589 5029 869 5099 puqnant.
955 5019 1104 5077 Ibid.
1153 5020 1218 5077 8:
1267 5018 1588 5076 monstrabo
1635 5018 1838 5075 bellum
1885 5019 2042 5075 vobis
2093 5020 2428 5091 libellum,
2473 5036 2632 5093 quem
2680 5037 2719 5074 a
2767 5016 3038 5077 Gallione

597 5131 779 5181 vestro
810 5123 1045 5197 petatis.
1089 5122 1238 5179 Ibid.
1275 5122 1382 5179 12:
1417 5124 1581 5181 euius
1609 5122 1984 5199 (Carrroms)
2034 5123 2468 5180 declamatio
2509 5130 2609 5179 est
2652 5122 2720 5177 de
2748 5122 3035 5195 Papinio,

595 5244 743 5303 quae
781 5226 984 5283 misero
1031 5224 1303 5281 Iasi-nom
1353 5224 1649 5281 subicitur.
1713 5224 1918 5299 Itaque
1941 5224 2114 5280 etiam
2142 5225 2467 5282 Lsrnonsu
2497 5224 2710 5301 scripta
2737 5223 3037 5301 reliquisse

595 5348 732 5387 cum
783 5347 856 5385 ex
919 5327 1028 5384 hoc
1077 5327 1205 5384 loco
1268 5327 1568 5403 probabile
1617 5338 1721 5399 est,
1767 5338 1890 5383 tum
1942 5346 2015 5383 ex
2057 5327 2128 5384 iis
2189 5346 2339 5403 quae
2385 5327 2662 5403 leguntur
2706 5327 2767 5383 in
2798 5328 2825 5383 1
2855 5326 3033 5402 praef.

602 5434 704 5491 17:
752 5432 1066 5489 edidicerat
1119 5432 1228 5487 illa
1289 5450 1438 5488 cum
1497 5431 1956 5504 scripserat,
2001 5430 2154 5505 quod
2201 5449 2261 5487 eo
2305 5432 2489 5505 maqis
2536 5432 2598 5487 in
2637 5432 2738 5488 illo
2781 5430 3038 5488 mirabile

597 5535 783 5593 videri
837 5542 1041 5608 potest,
1111 5533 1265 5607 quod
1323 5551 1436 5590 non
1500 5535 1643 5590 lente
1707 5542 1757 5590 et
1817 5536 2006 5603 anxie,
2054 5532 2155 5590 sed
2201 5534 2385 5591 eodem
2423 5551 2608 5609 paene
2655 5552 2767 5609 quo
2814 5533 3037 5591 dicebat

601 5641 803 5715 impetu
855 5638 1148 5697 scribebat.

763 5742 980 5798 Omnes
1044 5751 1238 5798 autem
1304 5740 1406 5816 qui
1469 5740 1584 5797 huc
1644 5740 1969 5817 pertineant
2029 5738 2182 5797 locos
2229 5758 2322 5797 me
2376 5739 2705 5811 contulisse,
2753 5740 3040 5797 affirmare

600 5844 708 5903 vix
775 5845 983 5917 ausim,
1053 5844 1152 5901 sed
1209 5863 1284 5901 ex
1329 5844 1400 5901 iis
1443 5862 1590 5919 quos
1636 5841 1812 5901 citavi
1859 5842 2090 5899 abunde
2137 5852 2392 5919 apparet,
2438 5842 2684 5899 labentis
2729 5840 3039 5899 memoriae

597 5949 952 6007 adminicula
998 5946 1430 6023 compilatorem
1472 5966 1590 6004 non
1631 5945 1867 6003 omnino
1915 5944 2208 6003 defecisse.

759 6052 1044 6127 Denique,
1117 6050 1346 6108 tametsi
1416 6054 1866 6109 consentaneum
1941 6058 2027 6107 est
2101 6048 2380 6107 maiorem
2457 6046 2647 6123 operis
2722 6056 2943 6123 partem
2998 6078 3041 6089 -

595 6154 980 6231 praefationes
1049 6154 1177 6212 dico
1251 6163 1310 6211 et
1385 6152 1721 6228 ubicunque
1790 6152 1852 6208 in
1917 6151 2144 6227 reliquo
2199 6169 2370 6227 opere
2424 6150 2724 6207 rhetorum
2781 6150 2929 6207 vitia
2982 6159 3039 6207 et

594 6255 846 6313 virtutes
901 6264 1289 6328 recensentur,
1339 6254 1494 6312 vitae
1551 6274 1715 6312 casus
1763 6263 2138 6330 exponuntur
2185 6286 2228 6297 -
2279 6253 2461 6330 ipsius
2519 6252 2852 6311 Senecae
2906 6252 3039 6310 stilo

589 6358 939 6435 ingenioque
985 6358 1199 6431 deberi,
1245 6378 1359 6416 non
1403 6370 1598 6423 tamen
1638 6358 2212 6435 praetermittendum
2254 6370 2340 6416 est
2383 6358 2674 6430 Senecam,
2713 6358 3037 6433 Hispanum

590 6462 813 6537 origine
883 6461 1126 6537 ideoque
1191 6462 1424 6539 puriore
1478 6461 1794 6520 Latinitate
1847 6482 1882 6520 a
1931 6461 2210 6519 natalitiis
2255 6481 2375 6519 non
2420 6461 2734 6533 imbutum,
2789 6460 3037 6519 eundem

710 6662 780 6719 (1)

711 6738 782 6795 (2)

845 6661 928 6709 cf.
957 6660 1078 6709 ibid.
1110 6662 1139 6722 ξ
1176 6664 1230 6707 10
1260 6660 1346 6709 ubi
1377 6661 1610 6721 aequales
1641 6660 1710 6708 sic
1741 6662 1990 6719 increpat:
2027 6660 2132 6721 quis
2169 6668 2234 6707 est
2263 6659 2344 6721 qui
2372 6659 2692 6705 memoriae
2722 6658 2975 6704 studeat.

846 6735 928 6783 cf.
962 6736 1124 6783 simile
1154 6736 1476 6783 enunciatum
1505 6735 1568 6782 de
1602 6734 1874 6781 ΠΔΤΕΒΙΟ
1905 6735 1958 6781 in
1988 6732 2107 6781 Tac.
2141 6735 2277 6781 Anu.
2309 6732 2386 6779 lv
2418 6736 2492 6780 61.

3056 219 3137 278 10

3142 399 3354 462 tamen,
3404 391 3604 448 nativa
3648 391 3864 466 ingenii
3914 391 4236 450 subtilitate
4284 403 4461 468 atque
4510 391 4813 467 elegantia,
4862 387 5230 450 fastidiosum
5276 395 5578 458 luculentae

3142 493 3419 552 orationis
3483 493 3925 565 aestimatorem,
3996 494 4195 552 stilum
4253 514 4429 553 suum
4484 494 4741 553 studiose
4796 493 5189 552 conformasse
5242 497 5315 552 ad
5364 497 5581 558 illorum

3142 596 3445 655 hominum
3515 597 3866 672 exemplum,
3944 616 4091 672 quos
4145 596 4507 656 doctissimos
4558 607 4617 654 et
4664 597 5167 672 eloquentissimos
5214 617 5353 656 suae
5395 603 5582 660 aetatis

3142 697 3444 774 magist-ros
3500 697 3721 770 habuit,
3777 709 3954 774 atque
4002 698 4354 756 credendum
4402 709 4505 772 est,
4556 699 4682 756 eius
4728 698 5018 757 scribendi
5064 700 5286 758 ratione
5324 721 5441 758 non
5477 715 5585 762 tam

3142 801 3443 876 proprium
3498 801 3695 877 ipsius,
3754 820 3931 876 quam
3982 801 4283 878 vulgarem
4340 802 4640 860 rhetorum
4694 821 4868 859 usum
4912 814 4970 860 et
5010 803 5255 878 speciem
5288 805 5365 860 ob
5398 807 5587 864 oculos

3142 901 3311 958 nobis
3363 902 3517 978 poni.

3306 1003 3416 1060 His
3479 1013 3675 1060 autem
3742 1023 3893 1080 quae
3956 1005 4252 1082 disputavi
4318 1006 4401 1062 nil
4470 1025 4817 1082 magnopere
4884 1007 5264 1066 tribuendum
5319 1021 5425 1081 est,
5486 1012 5587 1070 nisi

3141 1105 3555 1164 confirmentur
3631 1107 3807 1164 rebus
3878 1107 4035 1185 ipsis,
4116 1109 4171 1166 h.
4236 1129 4284 1168 e.
4348 1108 4490 1166 nisi
4554 1129 4637 1166 ex
4702 1110 5152 1186 singulorum
5223 1111 5589 1170 rhetorum

3140 1208 3569 1284 fragmentis
3644 1209 3803 1266 stili
3873 1209 4265 1268 diversitas
4332 1220 4691 1288 appareat.
4796 1211 5043 1268 Exstant
5119 1221 5315 1270 autem
5384 1212 5591 1271 indicia

3141 1311 3427 1369 eiusmodi
3480 1310 3830 1368 discriminis
3880 1312 4063 1368 multa
4107 1324 4166 1369 et
4214 1312 4495 1388 insignia:
4960 1307 4964 1312 ’

3304 1416 3375 1472 In
3430 1415 3785 1493 praefatione
3834 1415 4360 1472 controversiarum
4415 1415 4551 1474 libri
4608 1418 4635 1473 1
4682 1417 4911 1488 copiose
4956 1429 5260 1474 enarratur
5307 1437 5593 1494 quaenam

3144 1521 3377 1576 Ansam
3445 1520 3641 1592 Fusci,
3714 1538 3999 1594 quaenam
4064 1519 4301 1576 Parnm
4360 1519 4637 1592 Fanum,
4696 1520 4855 1577 illius
4897 1520 5184 1596 discipuli,
5233 1520 5292 1578 in
5352 1521 5593 1580 dicendo

3142 1622 3366 1679 fuerint
3422 1622 3669 1699 propria.
3756 1623 3931 1696 Tum,
3989 1623 4052 1680 in
4098 1634 4357 1683 controv.
4411 1625 4439 1682 1
4484 1625 4741 1682 eiusdem
4784 1624 4936 1692 libri,
4980 1625 5241 1702 longiora
5282 1626 5593 1702 utriusque

3142 1725 3469 1802 fragmenta
3512 1725 3766 1783 citantur
3810 1745 3842 1782 e
3892 1726 4407 1784 declamationibus
4451 1727 4522 1784 de
4569 1728 4768 1784 eadem
4806 1727 4973 1786 thesi.
5056 1729 5214 1785 Haec
5260 1739 5465 1785 autem
5494 1729 5593 1804 qui

3144 1828 3347 1906 legerit
3414 1840 3471 1886 et
3536 1829 3687 1885 inter
3754 1848 3816 1886 se
3868 1831 4306 1906 comparaverit,
4364 1830 4645 1888 fatebitur
4693 1830 4969 1888 orationis
5016 1831 5409 1888 differentiam
5460 1832 5592 1888 satis

3144 1933 3508 1991 manifestam
3559 1951 3696 1989 esse.
3767 1932 4063 2006 Agnoscet
4110 1932 4171 1990 in
4220 1933 4397 1992 Fusc1
4448 1933 4770 2009 fragmento
4801 1935 5009 1990 cultum
5038 1935 5209 1991 nimis
5238 1935 5588 2009 adquisitum

3144 2035 3356 2112 (praef.
3408 2033 3438 2114 ξ
3498 2035 3579 2110 1),
3625 2037 4075 2110 compositionem
4120 2036 4403 2092 verborum
4444 2035 4772 2106 molliorem,
4814 2055 5085 2092 summam
5126 2037 5587 2110 inaequalitatem

3144 2143 3445 2212 orationis,
3488 2149 3690 2198 contra
3729 2140 3791 2196 in
3829 2140 4097 2195 Fasumo
4134 2139 4483 2212 splendorem
4522 2140 4903 2195 voluntarium
4940 2139 5007 2212 (i.
5032 2157 5081 2195 e.
5124 2149 5327 2214 sponte
5366 2141 5587 2210 ortum)

3142 2263 3256 2300 non
3332 2243 3656 2300 elaboratae
3731 2243 4028 2312 orationis,
4099 2253 4156 2298 et
4228 2241 4578 2317 praesertim,
4640 2241 4937 2314 facillimo
5013 2259 5185 2298 cursu
5262 2257 5449 2296 omnes
5505 2258 5589 2296 res

3144 2344 3363 2401 beatam
3434 2343 3816 2417 circumfluere
3888 2343 4197 2399 orationem
4254 2341 4463 2417 (praef.
4524 2343 4558 2398 2
4616 2342 4745 2417 39).
4834 2343 4993 2400 Haec
5050 2354 5247 2400 autem
5304 2361 5379 2399 ne
5435 2361 5589 2400 mera

3144 2448 3325 2504 verba
3372 2459 3703 2521 temereque
3756 2445 3968 2502 iactata
4016 2444 4341 2517 videantur,
4398 2463 4582 2501 unum
4630 2444 4831 2502 saltem
4878 2446 5185 2505 discrimen
5212 2446 5381 2522 quasi
5411 2445 5585 2520 digito

3146 2553 3495 2622 monstrab0,
3552 2569 3757 2626 nempe
3821 2550 4107 2607 verborum
4169 2551 4617 2624 compositionem
4672 2569 4771 2625 per
4826 2549 5090 2626 pattici
5100 2551 5242 2625 pia,
5304 2549 5585 2627 imprimis

3145 2654 3581 2730 praesentia,
3639 2671 3805 2728 quae,
3860 2653 4089 2708 mollior
4130 2670 4265 2708 sane
4316 2661 4374 2707 et
4422 2653 4741 2727 acquisita,
4788 2651 5049 2710 abundat
5104 2652 5259 2728 apud
5311 2653 5578 2726 Fuscum,

3144 2768 3403 2814 controv.
3460 2759 3479 2812 l
3537 2753 3567 2834 ξ
3620 2757 3757 2826 4-9,
3810 2754 3950 2811 dum
4000 2754 4089 2812 bis
4134 2754 4307 2811 modo
4355 2773 4422 2812 ea
4471 2773 4580 2811 usu
4626 2755 4785 2811 venit
4824 2754 4981 2830 apud
5021 2756 5343 2814 Fannium
5388 2763 5504 2832 (1).

3306 2859 3533 2918 Pariter
3592 2867 3787 2916 autem
3848 2857 4060 2928 Cssrn,
4127 2857 4461 2914 Gaulotus
4528 2867 4585 2913 et
4634 2857 4935 2914 LA‘rsoms
4988 2876 5199 2934 genera
5246 2858 5477 2916 dicendi
5528 2871 5579 2916 et

3143 2965 3293 3020 inter
3362 2980 3422 3020 se
3482 2961 3734 3018 multum
3783 2959 4066 3016 differunt
4118 2969 4176 3016 et
4225 2960 4561 3034 singulatim
4616 2963 4961 3035 respondent
5014 2958 5245 3032 iudicio,
5305 2963 5461 3036 quod
5516 2963 5579 3020 de

3142 3065 3352 3142 quovis
3399 3082 3603 3122 eorum
3651 3063 3712 3120 in
3761 3062 4215 3140 praebitionibus
4258 3063 4398 3120 tulit
4444 3063 4675 3120 Seneca.

3305 3169 3395 3225 De
3466 3167 3691 3237 Cssrto,
3763 3167 4071 3237 auditores,
4138 3165 4347 3242 inquit,
4430 3165 4697 3224 Ciceroni
4752 3169 5113 3241 praeferrent
5187 3166 5310 3223 nisi
5364 3169 5575 3242 lapides

3145 3273 3396 3328 timerent
3465 3270 3555 3326 III
3630 3269 3812 3344 praef.
3884 3271 3976 3326 15.
4080 3269 4157 3325 Et
4224 3269 4501 3345 profect0,
4549 3288 4903 3344 quamquam
4952 3269 5011 3325 in
5067 3268 5365 3326 sententiis
5420 3273 5572 3349 plane

3144 3373 3509 3446 declamator,
3582 3373 3643 3429 in
3714 3372 4041 3430 narratione
4094 3383 4288 3430 tamen
4342 3371 4659 3449 simplicior
4711 3385 4768 3431 et
4824 3375 5249 3450 quodammodo
5292 3375 5572 3452 antiquior

3144 3487 3246 3549 est,
3305 3495 3481 3551 quam
3544 3484 3866 3532 ceterorum
3922 3476 4262 3551 quisquam;
4319 3495 4506 3552 neque
4554 3477 4741 3534 ullum
4789 3478 5084 3536 insuetum
5128 3480 5479 3536 vocabulum
5518 3479 5568 3534 in

3143 3577 3485 3656 fragmentis
3540 3578 3700 3636 illius
3742 3578 4015 3650 occurrit,
4063 3589 4131 3636 ut
4178 3579 4333 3636 infra
4388 3581 4689 3656 apparebit
4738 3581 4855 3657 (2).
4944 3581 5037 3640 Cf.
5088 3582 5213 3640 eius
5258 3582 5567 3658 fragmenta

3142 3683 3363 3741 maiora
3410 3683 3439 3739 I
3488 3682 3545 3754 2,
3596 3682 3733 3740 7-9.
3804 3682 3923 3739 Vn
3984 3686 4035 3756 1,
4093 3685 4271 3743 8-11.
4355 3686 4425 3742 In
4480 3684 4820 3761 fragmentis
4873 3688 5034 3744 Imm
5086 3686 5421 3745 Ganmoms
5466 3686 5569 3741 VII

3146 3789 3203 3858 7,
3270 3788 3407 3844 3-5.
3491 3786 3551 3843 X
3620 3788 3678 3857 2,
3749 3788 3862 3842 1-4
3928 3798 3987 3844 et
4049 3790 4106 3860 5,
4176 3789 4371 3847 13-17
4443 3789 4769 3847 cumulatae
4816 3799 4952 3845 sunt
5000 3791 5206 3847 breves
5252 3790 5567 3858 sententiae,

3145 3888 3638 3964 interrogationes,
3708 3887 4169 3961 exclamationes,
4230 3908 4381 3964 quae
4448 3900 4515 3945 ut
4578 3890 4703 3947 eius
4759 3889 4991 3965 propria
5037 3891 5219 3949 fuisse
5262 3892 5567 3968 opinemur,

3146 3992 3349 4049 suadet
3398 3992 3571 4049 etiam
3624 4002 3830 4049 auctor
3884 3991 4113 4068 Dialogi
4162 3992 4233 4049 de
4278 3992 4438 4049 Orat.
4490 3994 4587 4065 26,
4638 3994 4741 4069 qui
4769 4003 4931 4050 notat
4960 3996 5205 4053 tinnitus
5234 3995 5565 4052 Gsnmoms.

3310 4088 3576 4170 Denique
3634 4094 3933 4153 LArsoms
3979 4096 4303 4171 fragmenta
4351 4114 4484 4153 cum
4527 4096 4643 4153 alia
4690 4096 4959 4156 breviora
5002 4108 5230 4155 exstant
5278 4098 5567 4175 permulta,

3147 4210 3271 4258 tum
3316 4200 3574 4277 longiora
3618 4200 3678 4256 in
3728 4200 3893 4257 libris
3937 4202 3965 4257 I
4018 4203 4067 4273 l,
4121 4202 4231 4257 1-3
4278 4211 4336 4257 et
4381 4202 4440 4257 ΙΙ
4478 4203 4535 4273 7,
4584 4201 4719 4273 1-9,
4749 4201 5099 4277 quibuscum
5127 4202 5469 4259 conferenda
5494 4210 5567 4257 est

3147 4304 3273 4360 eius
3341 4303 3665 4361 aestimatio
3728 4302 3786 4358 in
3846 4302 4199 4379 praefatione
4244 4300 4281 4359 l.
4334 4302 4361 4358 Ι
4415 4302 4627 4360 13-24.
4716 4302 4792 4358 Et
4841 4302 4900 4359 in
4950 4302 5060 4360 hoc
5108 4303 5344 4379 quidem
5396 4304 5569 4359 denuo

3148 4408 3268 4466 stili
3318 4405 3724 4483 proprietatem
3772 4406 3832 4461 in
3884 4406 4194 4461 verborum
4244 4404 4612 4479 quorundam
4661 4424 4773 4462 usu
4824 4417 4891 4462 ut
4926 4405 5413 4482 deprehenderem
5438 4403 5569 4461 mihi

3150 4509 3406 4586 contigit.
3494 4509 3627 4565 Non
3690 4510 3844 4565 enim
3921 4526 4057 4565 casu
4127 4505 4399 4564 accidisse
4460 4506 4710 4580 videtur,
4768 4518 4837 4565 ut
4888 4508 5213 4565 audacioris
5258 4518 5569 4565 structurae

3150 4612 3587 4689 praepositionis
3638 4611 3711 4667 in
3766 4629 3919 4667 cum
3962 4608 4394 4667 ‘accusativo
4442 4610 4543 4687 (de
4587 4630 4705 4687 quo
4749 4610 4881 4667 vide
4924 4610 5081 4667 infra
5127 4610 5165 4669 i.
5207 4614 5316 4687 v.),
5345 4609 5404 4667 in
5432 4608 5574 4665 illius

3151 4715 3491 4792 fragmentis
3549 4732 3697 4789 quae
3768 4712 3947 4771 citavi
4018 4712 4391 4789 longioribus,
4456 4714 4717 4791 exempla
4786 4716 5052 4790 legantur
5114 4734 5359 4773 numero
5422 4712 5571 4771 XXI.

3156 4818 3349 4875 Huius
3374 4826 3568 4875 autem
3590 4824 3918 4873 structurae
3946 4816 4219 4873 nullum
4246 4818 4577 4894 exemplum
4598 4818 4794 4875 inveni
4815 4818 4875 4874 in
4894 4818 5237 4894 fragmentis
5258 4818 5575 4875 Gsnmoms

3156 4920 3429 4996 (aliorum
3473 4920 3547 4976 ad
3591 4919 3747 4977 hunc
3792 4918 3965 4975 finem
4009 4936 4125 4975 non
4167 4918 4445 4993 excussi),
4486 4917 4628 4974 dum
4662 4918 4722 4975 in
4752 4919 4931 4993 ipsius
4962 4919 5207 4977 Senecae
5236 4919 5573 4995 praefatione

3154 5025 3193 5082 l.
3260 5024 3337 5096 ΙΙ,
3404 5042 3554 5099 quae
3608 5022 3877 5079 Latronis
3924 5021 4250 5097 fragmenta
4294 5020 4520 5077 ambitu
4566 5021 4730 5097 longe
4774 5033 5025 5097 superat,
5069 5022 5169 5079 vix
5221 5022 5279 5079 X
5328 5020 5576 5097 exempla

3154 5126 3550 5185 inveniuntur.
3634 5125 3789 5183 Hinc
3852 5124 4135 5183 concludo
4198 5124 4365 5180 illum
4432 5143 4601 5181 usum
4675 5126 4973 5201 proprium
5034 5126 5217 5185 fuisse
5271 5126 5572 5193 Larsoms,

3152 5231 3228 5286 ab
3281 5247 3462 5304 eoque
3516 5237 3849 5285 mutuatum
3904 5248 4025 5286 esse
4082 5228 4375 5301 Senecam,
4431 5228 4534 5303 qui
4588 5227 4758 5285 illum
4814 5228 5099 5304 imprimis
5146 5230 5481 5305 magistrum
5525 5234 5576 5282 et

3153 5332 3484 5409 exemplum
3555 5350 3617 5389 se
3686 5330 3957 5389 habuisse
4024 5340 4287 5387 testatur.
4386 5328 4605 5386 Eodem
4676 5329 4793 5387 huc
4864 5331 5171 5407 pertinent,
5233 5351 5381 5407 quae
5434 5329 5576 5387 infra

3152 5434 3428 5491 annotavi
3474 5433 3546 5489 de
3594 5432 3872 5509 peculiari
3918 5431 4337 5505 significatione
4380 5431 4695 5506 particulae
4736 5433 4999 5508 alioquin
5045 5434 5204 5510 apud
5244 5434 5573 5501 Luscum,

3154 5536 3381 5613 aliaque
3448 5554 3599 5611 quae
3661 5535 3863 5592 lectori
3938 5542 4139 5609 sponte
4206 5551 4267 5590 se
4320 5532 4581 5605 offerent,
4636 5534 4686 5591 si
4741 5552 4947 5610 operae
5000 5536 5249 5611 pretium
5296 5534 5575 5594 videbitur

3155 5641 3423 5700 evolvere
3471 5658 3619 5717 quae
3668 5639 3741 5697 de
3786 5636 4032 5713 singulis
4088 5636 4284 5694 verbis
4338 5646 4395 5695 et
4438 5636 4965 5695 constructionibus
5011 5638 5165 5695 infra
5206 5638 5461 5717 apposui.

3318 5824 3429 5881 His
3471 5823 3743 5882 omnibus
3780 5822 3853 5879 de
3893 5822 4082 5879 causis
4121 5822 4371 5881 dubium
4406 5842 4527 5881 esse
4552 5823 4657 5879 vix
4686 5822 4914 5900 poterit,
4944 5823 5089 5899 quin
5116 5842 5231 5880 non
5262 5822 5303 5881 S
5318 5841 5399 5880 en
5414 5834 5573 5878 ecae

3278 5986 3347 6045 (1)
3414 5984 3491 6031 De
3522 5982 3896 6043 participiorum
3926 5981 3979 6027 in
4008 5983 4379 6029 constructione
4406 5980 4563 6027 abusu
4594 5980 4727 6039 apud
4758 5980 4980 6029 rhetores
5010 5982 5125 6031 vide
5155 5983 5306 6031 infra.
5366 5982 5575 6028 Fuscus

3154 6074 3217 6105 ex
3260 6059 3353 6105 hoo
3396 6072 3573 6117 genere
3603 6056 3723 6103 haec
3752 6055 3926 6102 habet:
3968 6054 4052 6103 odi
4082 6060 4277 6115 patrem
4304 6054 4552 6111 ciem,
4595 6052 4680 6101 odi
4721 6053 4924 6101 domum
4952 6056 5229 6115 facientem,-
5268 6054 5454 6115 aliquid
5481 6065 5573 6100 non

3154 6132 3381 6193 ayendum
3426 6146 3595 6190 agam:
3638 6130 3943 6191 egredientem
3988 6132 4333 6190 redeunteunque
4360 6128 4661 6187 comitabor:
4706 6128 5029 6177 erubescendos
5056 6145 5247 6179 amores
5277 6128 5571 6177 muriantem

3155 6206 3385 6253 habitum
3398 6204 3573 6262 obicia;
3592 6204 3847 6251 madentem
3862 6205 4143 6263 unguentis,
4158 6202 4533 6251 convulneratum
4548 6202 4859 6255 libidinibus.
4872 6204 5148 6252 ineam-m
5162 6204 5354 6252 femina
5366 6200 5571 6251 mollius:

3155 6293 3309 6340 quum
3340 6280 3459 6327 deos
3486 6278 3698 6325 vidisses
3726 6284 3975 6333 emantes‚·
4019 6282 4133 6337 post
4161 6275 4407 6337 evestiqata
4438 6292 4605 6335 armar,
4652 6276 4814 6323 millia
4855 6278 5169 6325 eor-mentium
5212 6279 5342 6325 inter
5380 6272 5574 6321 divitias

3156 6369 3270 6402 suas
3300 6352 3668 6413 exemplorum3
3703 6365 3883 6411 ponere
3914 6349 4115 6397 domum
4148 6351 4377 6398 meliores
4407 6351 4672 6410 perdentem
4702 6350 4917 6409 liberoa3
4958 6351 5051 6399 hoc
5082 6352 5269 6411 fugisse
5301 6346 5569 6397 Fabricium

3154 6428 3461 6476 Samnitium
3492 6440 3593 6473 non
3624 6425 3919 6485 accipientem
3950 6438 4183 6483 munera:
4216 6428 4384 6484 patres
4412 6429 4609 6471 nostros
4637 6425 4772 6485 apud
4803 6425 4912 6484 ipsa
4942 6430 5111 6473 aratra
5130 6426 5355 6473 minantes
5373 6422 5569 6469 circum-

3154 6506 3403 6551 steterunt
3432 6501 3645 6549 lictores.
3708 6500 4036 6547 FABIANUS:
4066 6500 4364 6560 spoliantium
4394 6500 4595 6559 aliquia:
4626 6504 4679 6547 et
4716 6502 4772 6547 in
4802 6500 4915 6547 fine:
4946 6498 5155 6547 fastidio
5184 6512 5347 6547 rerum
5378 6497 5569 6541 naturae

3153 6574 3465 6623 laborantibus
3494 6576 3595 6621 iam
3626 6589 3689 6621 ne
3720 6573 3867 6621 liberi
3897 6572 4101 6633 quidem
4128 6574 4229 6621 nisi
4261 6572 4413 6620 alieni
4442 6572 4655 6633 placent.

3274 6652 3345 6710 (2)
3406 6649 3483 6697 De
3512 6649 3761 6709 plerisque
3790 6648 4009 6703 vocibus,
4038 6663 4163 6708 quas
4192 6650 4329 6696 infra
4360 6648 4585 6705 tractavi,
4620 6648 4785 6696 litteris
4814 6645 5085 6694 mainsendis
5110 6644 5175 6693 ad
5204 6646 5385 6693 calcem
5404 6636 5566 6701 positis

3152 6724 3371 6772 indicavi
3402 6724 3603 6772 cuinam
3632 6722 3907 6770 debeantur
3937 6726 4135 6782 praeter
4162 6721 4414 6770 Sensum.

5644 6742 5697 6992 ‚l
