5797 7330
1596 593 1664 660 O

977 859 2574 1034 ELOCUTIO
2773 849 4621 1022 RHETORICA

2293 1201 2676 1285 QUALIS
2746 1199 3328 1267 INVENITUR

2767 1433 2850 1480 IN

1425 1630 1850 1729 Annaei
1933 1629 2416 1730 Senecae
2501 1627 3063 1728 Suasoriis
3152 1627 3261 1726 et
3344 1623 4135 1724 Controversiis
4166 1697 4191 1746 ,

2648 1893 2975 1942 SCRIPSIT

2013 2097 2188 2160 H.
2292 2097 2428 2160 ·1·.
2533 2093 3589 2208 {ARSOEERR

465 2852 952 2924 Marklandus,
1007 2851 1349 2922 Wolfius,
1398 2861 1456 2907 et
1505 2848 1609 2926 qui
1650 2868 1849 2906 eorum
1893 2849 2131 2926 vestigia
2171 2850 2354 2907 secuti
2393 2861 2557 2921 sunt,
2600 2861 2666 2905 ut
2707 2867 2740 2904 e

295 2960 652 3016 nostratibus
715 2957 853 3014 olim
907 2956 1176 3012 Bakius
1231 2965 1286 3012 et
1343 2954 1756 3024 RinkesiuS,
1815 2971 1997 3029 quum
2045 2952 2413 3028 gravissimas
2461 2951 2740 3027 quasdam

304 3061 608 3119 Orationes
653 3081 688 3116 a
738 3059 1011 3116 Cicerone
1063 3058 1482 3128 abiudicarent,
1531 3075 1740 3131 negare
1787 3065 1979 3112 tamen
2021 3075 2136 3112 non
2180 3067 2460 3131 poterant,
2502 3056 2630 3126 ista,
2673 3063 2742 3111 ut

300 3164 702 3240 opinabantur,
743 3171 1066 3219 commenta
1097 3160 1213 3216 iam
1254 3159 1393 3216 olim
1425 3159 1696 3216 fraudem
1723 3158 1926 3215 fecisse
1955 3157 2297 3214 doctissimis
2324 3155 2656 3212 hominibus
2683 3167 2742 3212 et

296 3283 331 3320 a
382 3265 612 3320 Valerio
655 3263 934 3335 Maximo,
984 3263 1257 3334 Asconio,
1310 3263 1672 3331 Quintiliano
1701 3281 1804 3338 pro
1831 3260 2099 3335 genuinis
2125 3259 2307 3316 fuisse
2336 3259 2500 3316 lecta.
2572 3259 2742 3316 Hanc

295 3377 490 3423 autem
540 3367 935 3424 difficultatem
976 3384 1044 3423 ea
1083 3366 1304 3422 ratione
1341 3365 1745 3440 subterfugere
1781 3363 1976 3428 ,conati
2025 3375 2179 3434 sunt,
2224 3373 2292 3419 ut
2330 3363 2741 3419 contenderent

295 3469 502 3524 falsam
571 3487 770 3526 earum
842 3468 1123 3542 originem
1187 3469 1248 3524 in
1317 3478 1576 3543 tempora
1640 3467 1892 3523 incidere
1959 3486 1994 3521 a
2052 3465 2342 3521 Ciceronis
2394 3473 2580 3528 aetate
2625 3483 2741 3520 non

296 3571 465 3644 longe
533 3579 778 3639 remota,
839 3578 897 3624 et
957 3567 1274 3625 imitatores
1337 3569 1615 3644 prodiisse
1679 3587 1712 3626 e
1769 3567 2216 3623 declamatorum
2257 3585 2446 3640 grege,
2490 3585 2740 3641 quorum

295 3673 532 3729 nomina
585 3684 639 3729 et
689 3672 1017 3747 fragmenta
1063 3672 1230 3729 nobis
1278 3672 1531 3727 servavit
1575 3674 1910 3727 Annaeus
1960 3670 2220 3727 Seneca
2269 3674 2329 3727 in
2381 3670 2741 3727 Suasoriis

297 3784 354 3831 et
425 3773 991 3845 ControversiiS,
1062 3774 1166 3849 qui
1220 3774 1302 3831 ita
1351 3793 1568 3849 suppar
1614 3774 1730 3829 fuit
1775 3774 2005 3844 Tullio,
2076 3780 2171 3843 ut,
2225 3772 2536 3846 quominus
2584 3772 2741 3828 hunc

297 3896 488 3933 senem
549 3878 670 3952 ipse
738 3877 966 3933 iuvenis
1031 3876 1279 3948 audiret,
1351 3896 1467 3934 non
1513 3876 1748 3952 quidem
1794 3886 1968 3947 aetaS,
2018 3875 2116 3932 sed
2167 3875 2436 3931 bellorum
2484 3876 2740 3931 civilium

280 3982 462 4053 furor
511 3978 737 4055 (Contr.
787 3980 831 4036 I.
889 3980 992 4054 11)
1044 3998 1176 4036 eum
1227 3979 1610 4055 impediverit.

457 4082 586 4139 Hac
652 4102 1013 4139 summorum
1081 4082 1340 4139 virorum
1408 4082 1677 4157 opinione
1741 4090 2053 4156 permotus,
2127 4098 2326 4137 recens
2395 4100 2432 4136 a
2495 4080 2738 4137 lectione

295 4182 568 4239 Tulliana
634 4183 708 4240 ad
783 4182 1159 4240 Suasorias
1226 4183 1892 4258 controversiasque
1960 4200 2052 4238 me
2109 4180 2344 4252 contuli,
2401 4190 2739 4254 exspectans

293 4282 420 4339 fore
469 4294 535 4341 ut
583 4304 667 4356 ea,
719 4304 868 4361 quae
913 4286 976 4342 in
1023 4287 1393 4343 conclamatis
1443 4288 1558 4344 illis
1607 4286 1982 4343 Orationibus
2027 4303 2099 4340 ex
2150 4294 2309 4359 parte
2362 4284 2738 4357 grammatica

295 4386 626 4443 criticorum
663 4387 1046 4463 suspicionem
1077 4389 1408 4459 movissent,
1438 4400 1674 4444 eatenus
1703 4388 2108 4463 responderent
2136 4388 2432 4443 rhetorum
2459 4386 2738 4443 sermonis

293 4489 417 4547 sive
486 4490 934 4566 proprietatibus
993 4491 1116 4548 sive
1183 4491 1359 4561 vitiis,
1433 4500 1499 4546 ut
1565 4490 1890 4547 communis
1957 4490 2196 4563 originis
2265 4489 2377 4545 nisi
2431 4490 2737 4547 manifesta

294 4590 522 4664 indicia,
572 4604 827 4650 attamen
877 4594 1015 4650 satis
1063 4607 1219 4651 certa
1263 4594 1656 4651 redundarent
1707 4595 1965 4669 vestigia.

459 4695 568 4753 Sed
607 4698 1094 4773 exspectationem
1137 4705 1378 4753 eventus
1415 4716 1530 4753 non
1559 4697 1764 4753 leviter
1791 4696 2020 4753 fefellit.
2087 4696 2238 4752 Nam
2269 4696 2372 4752 vix
2403 4696 2462 4753 in
2491 4697 2737 4755 lectione

291 4796 654 4872 aliquantum
724 4818 1074 4874 progressus,
1151 4798 1413 4873 cognovi,
1497 4817 1633 4873 prae
1701 4798 1945 4855 istorum
2015 4800 2076 4855 in
2151 4800 2358 4857 Latine
2434 4799 2738 4857 scribendo

293 4899 524 4956 licentia
570 4920 639 4958 ac
685 4903 959 4973 novitate,
1011 4920 1094 4969 ea,
1146 4920 1294 4977 quae
1341 4902 1402 4957 in
1446 4901 1824 4957 Orationibus
1865 4920 2040 4977 quam
2081 4901 2334 4959 maxime
2362 4902 2738 4960 offensionem

294 5004 666 5079 peperissent,
741 5024 858 5061 non
926 5006 1040 5061 nisi
1105 5006 1262 5061 leves
1337 5024 1458 5060 esse
1533 5004 1804 5074 maculas,
1877 5014 2054 5080 atque
2129 5015 2485 5081 compertum
2557 5005 2738 5061 habui

293 5104 590 5161 rhetorum
634 5105 1008 5163 Latinitatem
1049 5126 1122 5163 ne
1167 5107 1486 5183 comparari
1528 5107 1762 5182 quidem
1793 5126 1956 5182 posse
1983 5127 2116 5165 cum
2149 5108 2424 5165 Tulliana
2451 5109 2740 5166 scribendi

291 5207 531 5278 ratione,
581 5207 680 5264 sed
727 5208 988 5283 proxime
1034 5209 1303 5266 accedere
1357 5210 1432 5265 ad
1483 5229 1654 5267 usum
1705 5217 2005 5285 poetarum
2055 5211 2457 5285 Vergilianum
2487 5212 2739 5268 maxime

293 5320 470 5385 atque
519 5309 895 5368 Ovidianum.

462 5414 692 5489 Aliquis
740 5415 1030 5483 obiecerit,
1062 5427 1368 5490 praeeunte
1419 5415 1686 5473 Wolfio
1737 5416 1796 5472 in
1846 5417 2086 5491 praefat.
2127 5418 2426 5474 notissima
2455 5439 2507 5493 p.
2549 5418 2736 5488 XLII,

293 5518 420 5575 fieri
477 5518 750 5594 potuisse,
817 5528 884 5573 ut
930 5517 1104 5574 iidem
1161 5518 1249 5574 illi
1305 5519 1584 5590 homines,
1641 5538 1825 5593 quum
1877 5519 2168 5577 Ciceronis
2223 5520 2422 5577 stilum
2476 5522 2740 5597 religiose

293 5622 638 5678 imitandum
713 5622 824 5679 sibi
886 5636 1286 5698 proponerent,
1354 5624 1586 5680 assidua
1653 5624 1777 5680 eius
1849 5623 2091 5680 lectione
2146 5634 2204 5679 et
2260 5623 2631 5680 meditatione
2679 5623 2740 5679 id

291 5726 541 5781 assecuti
605 5724 722 5782 sint
792 5747 818 5779 n
835 5735 901 5781 ut
969 5725 1127 5781 illius
1191 5744 1307 5782 non
1363 5725 1648 5809 vocabula
1705 5726 1911 5797 solum,
1963 5744 2076 5781 non
2127 5725 2417 5801 quandam
2463 5725 2740 5782 orationis

300 5849 326 5880 n
343 5827 763 5901 figurationem,
807 5847 923 5885 non
951 5829 1422 5904 compositionem
1451 5847 1825 5885 numerorum
1853 5826 2222 5903 arripuerint,
2255 5826 2352 5883 sed
2381 5826 2736 5902 scriptorem,

301 5930 570 6005 aqualem
628 5950 762 5987 eum
818 5929 876 5987 in
934 5932 1181 6007 propriis
1229 5932 1502 6007 operibus
1550 5932 1940 6007 cognovimus,
1990 5930 2262 5987 omnibus
2313 5929 2630 5986 virtutibus
2671 5948 2740 5985 ac

304 6054 329 6085 n
353 6032 516 6089 vitiis
561 6032 856 6089 reddant.”

455 6136 884 6211 Argumentum
953 6136 1275 6211 speciosum
1350 6137 1531 6216 magis
1606 6155 1779 6212 quam
1855 6155 2091 6192 verum:
2181 6136 2392 6192 etenim
2465 6134 2738 6207 imitator,

290 6238 559 6313 quamvis
636 6237 890 6315 prudens
958 6248 1016 6294 et
1083 6236 1570 6313 circumspiciens,
1637 6256 1809 6294 suum
1867 6246 2056 6292 tamen
2113 6235 2411 6310 ingenium
2459 6255 2738 6311 suamque

293 6350 558 6396 naturam
625 6339 769 6396 adeo
838 6350 1108 6397 excutere
1183 6341 1284 6397 vix
1341 6341 1567 6417 poterit,
1626 6342 1768 6417 quin
1817 6341 1955 6398 satis
2002 6359 2242 6415 magnae
2287 6360 2354 6397 ac
2403 6340 2738 6397 manifestae

2297 6444 2554 6500 Probant
2629 6443 2739 6500 hoc

293 6545 848 6603 Pseudo-Ciceronis
901 6547 1103 6603 Oratio
1145 6550 1342 6622 pridie
1392 6568 1566 6624 quam
1613 6550 1672 6604 in
1721 6549 1982 6604 exsilium
2036 6548 2140 6603 iret
2183 6559 2240 6603 et
2289 6548 2646 6603 Declamatio
2677 6549 2737 6603 in

300 6648 364 6707 C'.
439 6649 803 6707 Sallustium.

293 6771 553 6809 normam
568 6752 599 6777 ”
649 6765 735 6809 est
779 6753 1159 6829 compositum
1208 6765 1266 6809 et
1313 6755 1512 6829 negari
1561 6755 1782 6829 nequit,
1832 6774 2150 6811 sermonem
2182 6754 2241 6810 in
2271 6754 2472 6812 multis
2498 6754 2738 6830 propius

292 6454 624 6500 remaneant
706 6443 1004 6519 reliquiae,
1087 6443 1306 6519 quibus
1387 6445 1688 6501 evincatur
1769 6444 2182 6501 fraudulentia.

919 6650 1070 6706 Nam
1145 6661 1463 6727 utrumque
1531 6672 1678 6728 opus
1753 6652 2058 6725 diligenter
2130 6652 2249 6707 aad
2319 6651 2567 6727 exempli
2644 6652 2737 6708 sui

2859 2867 2893 2904 a
2972 2846 3345 2903 Ciceroniana
3409 2844 3823 2902 consuetudine
3884 2844 4095 2900 distare
4151 2862 4326 2919 quam
4374 2861 4410 2897 a
4460 2841 4878 2898 Controversiis
4925 2852 4982 2898 et
5021 2841 5305 2898 Suasoriis

2859 2951 3187 3018 rhetorum3
3254 2958 3316 3006 at
3375 2949 3768 3020 nihilominus,
3831 2959 3899 3005 ut
3947 2948 4019 3005 de
4068 2947 4270 3004 ceteris
4316 2955 4555 3016 taceam,
4602 2944 4695 3002 vel
4737 2945 4858 3001 sola
4895 2945 5180 3002 Latinitas
5216 2952 5305 3000 sat

2859 3054 3043 3112 multa
3104 3054 3373 3124 continet,
3436 3071 3510 3108 ex
3556 3054 3789 3128 quibus,
3839 3060 3908 3108 ut
3955 3070 4027 3106 ex
4074 3068 4270 3124 ungue
4317 3049 4559 3119 leonem,
4606 3048 4687 3104 ita
4733 3047 5026 3122 scriptoris
5074 3063 5306 3122 quoque

2859 3176 3059 3213 veram
3104 3156 3355 3214 indolem
3403 3173 3697 3230 agnoscas.
3742 3153 3839 3228 (1)

3025 3259 3184 3315 Haec
3247 3259 3296 3314 si
3364 3266 3519 3314 recte
3574 3257 3865 3330 disputata
3920 3263 4073 3325 sunt,
4125 3271 4351 3310 necesse
4395 3262 4482 3309 est
4526 3261 4593 3308 ut
4640 3250 4701 3306 in
4750 3249 5127 3307 Orationibus
5179 3259 5307 3324 post

2855 3361 3107 3417 reditum
3139 3360 3346 3431 tribus,
3377 3379 3481 3435 pro
3513 3359 3760 3415 Catilina
3788 3377 3906 3415 una
3934 3357 4294 3433 pluribusve,
4325 3375 4429 3432 pro
4461 3354 4754 3427 Marce110,
4783 3353 5027 3428 aliisque
5054 3372 5304 3428 quarum

2854 3463 3199 3536 γνησιὸτητα
3250 3461 3311 3518 in
3356 3459 3603 3517 dubium
3640 3469 3923 3517 vocarunt
3964 3479 4061 3515 vv.
4106 3458 4221 3530 dd„
4256 3476 4362 3514 nec
4391 3476 4575 3533 pauca
4600 3477 4707 3514 nec
4735 3457 4913 3513 dubia
4941 3456 5302 3531 reperiantur

2855 3565 3199 3623 sermonis
3259 3565 3500 3635 indicia,
3572 3581 3720 3639 quae
3788 3560 4036 3617 rhetoris
4104 3578 4341 3615 manum
4412 3567 4743 3632 coarguant.
4830 3559 4984 3615 Hinc
5051 3557 5300 3614 alicuius

2854 3670 3133 3727 momenti
3206 3688 3326 3725 esse
3402 3667 3634 3724 videtur
3713 3663 4199 3739 comparationem
4272 3661 4499 3719 institui
4575 3662 4726 3720 inter
4802 3670 5095 3738 suspectas
5168 3661 5299 3718 illas

2853 3772 3143 3828 orationes
3213 3782 3269 3827 et
3334 3770 3633 3826 rhetorum
3697 3766 4021 3841 fragmenta
4074 3785 4110 3821 a
4162 3767 4423 3821 Seneca
4472 3774 4635 3839 patre
4681 3766 5003 3841 posteritati
5051 3766 5300 3841 prodita.

3018 3873 3306 3949 Equidem
3374 3872 3560 3929 fateor
3625 3893 3716 3930 me
3786 3894 3817 3931 e
3878 3882 4039 3949 parte
4102 3872 4477 3947 grammatica
4542 3871 4685 3928 nihil
4749 3872 4870 3928 fere
4926 3872 4987 3928 in
5036 3872 5301 3947 utrisque

2853 3977 3083 4053 scriptis
3126 3976 3451 4047 offendisse,
3501 3976 3659 4051 quod
3705 3995 4069 4034 communem
4110 3975 4329 4031 fontem
4371 3973 4625 4031 indicare
4668 3974 4950 4031 videatur.
5036 3976 5120 4030 At
5162 3993 5299 4031 vero

2855 4081 2917 4137 in
2976 4081 3125 4139 hanc
3192 4082 3586 4155 quaestionem
3651 4080 3880 4156 penitus
3942 4080 4233 4155 inquirere
4289 4077 4603 4153 supersedi,
4653 4076 4927 4152 quoniam
4973 4096 5164 4134 meum
5214 4087 5300 4133 est

2855 4192 2921 4239 ut
2993 4182 3103 4239 hoc
3178 4183 3455 4257 opusculo
3520 4183 3591 4239 ad
3670 4182 3953 4239 eiusmodi
4029 4181 4516 4257 comparationem
4592 4180 4722 4237 aliis
4799 4181 4951 4237 viam
5027 4180 5299 4255 aperiam,

2853 4306 2972 4342 non
3016 4286 3137 4361 ipse
3182 4306 3306 4342 eam
3364 4286 3683 4343 instituam.

3021 4388 3132 4445 Sed
3197 4388 3313 4445 alia
3376 4398 3461 4445 est
3532 4388 3811 4463 quaestiO,
3867 4406 4017 4463 quae
4067 4388 4326 4462 neglecta
4375 4388 4469 4443 vel
4520 4387 4706 4445 obiter
4754 4397 4997 4444 tractata
5046 4387 5301 4443 levitatis

2855 4491 3115 4568 profecto
3164 4492 3391 4567 culpam
3444 4492 3587 4547 mihi
3636 4489 4013 4547 contraheret.

3022 4595 3473 4671 Cognosciturne
3540 4612 3613 4650 ex
3694 4594 3733 4649 S
3750 4612 3781 4649 e
3795 4612 3835 4648 n
3850 4612 3881 4649 e
3897 4611 3977 4649 ca
3991 4610 4022 4647 e
4090 4592 4368 4667 opusculo
4444 4591 4625 4667 ipsius
4698 4592 4995 4667 scriptoris
5069 4602 5297 4648 tantum

2857 4698 3087 4755 dicendi
3156 4697 3561 4771 scribendique
3620 4716 3803 4771 genus
3858 4715 3932 4752 an
3988 4705 4309 4751 ceterorum
4368 4713 4599 4770 quoque
4654 4696 4953 4751 rhetorum
5010 4704 5299 4770 quotquot

2855 4798 3144 4855 citantur?
3228 4798 3491 4853 Alteram
3547 4798 3890 4854 sententiam
3944 4796 4249 4871 amplexus
4302 4805 4389 4853 est
4438 4798 4532 4854 W.
4567 4798 4626 4856 S.
4678 4798 4982 4855 Teuffel
5031 4798 5093 4854 in
5143 4799 5295 4856 Hist.

2855 4902 2997 4959 Litt.
3048 4902 3212 4957 Rom.
3261 4898 3291 4979 ξ
3345 4901 3462 4957 253
3516 4903 3550 4957 6
3608 4900 3696 4955 ed.
3755 4902 3837 4954 lae
3881 4900 3996 4973 (2),
4052 4898 4292 4954 alteram
4348 4898 4547 4973 paucis
4596 4899 4854 4956 defendit
4906 4901 4986 4957 Μ.
5034 4900 5299 4956 Sander

2857 5004 2915 5060 in
2959 5004 3158 5061 libello
3200 5004 3301 5059 cler
3344 5002 3851 5077 Sprachqebrauch
3889 5003 3987 5058 cles
4027 5002 4265 5057 Rhetors
4298 5004 4566 5058 Annaeus
4596 5001 4829 5059 Seneca.
4898 5001 5085 5057 Berol.
5122 5001 5293 5058 1877.

2856 5107 3031 5163 Facio
3060 5126 3194 5163 cum
3223 5106 3349 5163 hoc.
3423 5105 3535 5163 Sed
3562 5125 3653 5161 res
3681 5105 4037 5161 enucleatius
4064 5104 4363 5161 tractanda
4391 5114 4494 5175 est,
4526 5114 4592 5160 ut
4620 5104 4860 5160 tollatur
4888 5103 5294 5161 controversia.

3022 5209 3141 5278 Qui
3189 5218 3399 5285 negant
3448 5209 3628 5266 ullius
3658 5218 3881 5283 praeter
3911 5209 4183 5264 Senecam
4211 5226 4283 5262 ex
4315 5206 4405 5263 his
4433 5206 4949 5264 declamationibus
4976 5225 5297 5264 sermonem

2858 5313 3139 5388 cognosci,
3190 5314 3441 5387 primum
3476 5320 3787 5387 provocant
3824 5311 3897 5367 ad
3935 5312 4349 5386 praefationem
4399 5312 4536 5369 libri
4579 5313 4609 5368 1
4653 5313 5195 5383 controversiarum,
5231 5312 5293 5369 in

2858 5433 2975 5488 qua
3023 5413 3198 5469 semel
3242 5414 3569 5488 iterumque
3617 5411 3858 5487 scriptor
3903 5412 4256 5488 pronuntiat,
4307 5414 4573 5489 opusculi
4612 5416 4913 5471 materiam
4960 5434 5020 5473 se
5060 5435 5177 5471 non
5222 5434 5295 5471 ex

2858 5515 3182 5571 litterarum
3227 5513 3577 5588 quibusdam
3604 5515 3995 5571 monumentis
4029 5514 4353 5587 contulisse,
4384 5516 4483 5571 sed
4512 5516 4769 5573 hausisse
4797 5518 5200 5574 tantummodo
5222 5536 5295 5573 ex

2859 5620 3087 5677 aarfideli'l
3130 5639 3237 5677 sua
3277 5620 3569 5677 memoria.
3635 5618 3921 5686 Quocirca
3963 5619 4045 5674 ita
4089 5619 4175 5674 illi
4218 5618 4599 5676 concludunt:
4645 5631 5059 5695 argumenta
5103 5620 5293 5677 decla-

2857 5722 3178 5781 mationum
3220 5732 3277 5778 et-
3310 5723 3705 5779 sententias
3730 5722 4078 5792 rhetoribus,
4108 5723 4206 5778 sed
4234 5723 4580 5780 sermonis
4606 5723 4872 5780 habitum
4902 5734 5077 5798 atque
5106 5742 5292 5782 enun-

2857 5826 3153 5883 tiationem
3184 5826 3287 5882 uni
3319 5826 3566 5883 Senecae
3594 5844 3714 5883 esse
3742 5826 4072 5885 tribuenda.
4136 5826 4405 5882 Alterum
4447 5844 4565 5901 quo
4592 5827 4861 5884 nituntur
4887 5838 5293 5903 argumentum

2979 6034 3049 6091 (1)
3118 6031 3192 6077 Ut
3234 6031 3429 6077 curioso
3474 6030 3645 6077 lectori
3690 6031 3858 6089 aliqua
3904 6031 4078 6077 saltem
4121 6031 4439 6089 comparandi
4473 6033 4703 6078 materies
4732 6033 5031 6092 suppeditet.
5064 6034 5199 6080 infra
5230 6034 5293 6081 ad

2857 6105 3054 6165 singula
3097 6106 3265 6163 capita
3304 6105 3357 6150 in
3388 6106 3713 6151 annotatione
3740 6105 3905 6155 verba.
3936 6104 4152 6160 nomina,
4184 6106 4575 6151 constructiones
4604 6106 4842 6165 quasdam
4874 6121 5133 6166 apponam.
5165 6122 5293 6167 quae

2857 6179 2909 6225 in
2956 6177 3395 6238 pseu11··pigraphis
3437 6176 3540 6223 illis
3584 6178 3879 6225 affinitatem
3925 6178 4167 6224 sermonis
4210 6192 4323 6224 cum
4372 6178 4653 6226 rhetoribus
4702 6181 4885 6226 nostris
4930 6181 5116 6227 referre
5166 6182 5292 6228 mihi

2857 6252 3091 6299 videntur

2980 6328 3050 6384 (2)
3120 6327 3211 6371 Die
3264 6325 3494 6371 Berichte
3542 6325 3664 6371 uber
3702 6324 3784 6371 die
3827 6326 4219 6385 Ausfuhrnngen
4260 6326 4348 6373 der
4378 6328 4635 6374 einzelnen
4666 6328 4919 6374 Rbetoren
4952 6327 5113 6374 haben
5145 6328 5292 6375 einen

2857 6415 2911 6447 so
2941 6398 3347 6458 gleiohmuenigen
3378 6398 3619 6445 Anstrieh
3650 6398 3764 6446 dass
3793 6399 3928 6445 dieue
3974 6412 4089 6445 nur
4130 6399 4264 6445 dem
4312 6400 4511 6447 Sinne
4557 6401 4713 6447 nach
4760 6400 5155 6461 wieder-gegeben
5188 6402 5293 6449 sein

2857 6474 3057 6520 konnen
3079 6505 3091 6518 .
3116 6505 3128 6519 .
3151 6504 3163 6518 .
3186 6504 3199 6517 .
3261 6473 3357 6519 Die
3402 6472 3620 6533 Sprache
3665 6474 3793 6532 zeigt
3838 6473 3890 6519 in
3938 6472 4033 6520 den
4082 6473 4347 6520 Proomien
4398 6475 4601 6532 wenig
4648 6475 4869 6521 Einfluss
4912 6474 5002 6521 der
5042 6475 5292 6521 silbernen

2859 6548 3124 6599 Latinitut,
3157 6547 3323 6593 mehr
3355 6546 3406 6591 in
3437 6546 3531 6593 den
3566 6546 3946 6593 Controversiae
3976 6546 4080 6593 und
4114 6546 4377 6593 Suasoriae
4408 6546 4577 6594 selbst.

2978 6620 3262 6679 Utrumque
3310 6620 3513 6667 falsum.
3589 6620 3653 6666 In
3703 6622 4015 6679 praefatione
4065 6621 4327 6680 apparebit
4375 6626 4678 6682 quantopere
4734 6624 4867 6670 inter
4913 6638 4965 6669 se
5008 6623 5293 6681 fragmenta

2857 6708 3079 6740 sermone
3110 6694 3372 6751 differant3
3417 6709 3476 6742 ex
3521 6696 3631 6753 ipso
3676 6700 3841 6739 autem
3889 6694 4127 6754 opusculo
4172 6694 4497 6741 manifestum
4532 6696 4635 6750 fiet,
4678 6696 4913 6744 Senecam
4947 6696 5209 6743 verborum
5241 6700 5293 6742 et

2856 6768 3281 6815 constructionum
3312 6768 3537 6815 novitate
3568 6772 3620 6815 et
3651 6768 3858 6814 audacia
3887 6767 4016 6814 nihil
4047 6772 4301 6828 praestare
4331 6768 4407 6824 iis,
4438 6783 4648 6828 qnorum
4670 6769 4955 6829 fragmenta
4974 6772 5234 6829 congessit.
